2364 3840
121 172 164 237 34
408 170 441 229 L.
464 169 608 228 ANNAEI
632 168 807 230 SENECAE

121 327 217 396 tebat,
240 324 376 399 excepit,
399 320 426 383 si
447 337 503 398 per
523 322 623 397 ipsum
639 338 724 382 mora
740 323 918 398 quominus
934 329 1029 390 remit

93 423 183 478 anon
200 409 263 469 luit.
299 407 381 482 „Sed
397 407 552 482 quamvis,
573 406 684 481 inquit,
702 407 759 466 arti
774 406 906 470 ludentis
923 411 1002 470 nihil
1016 413 1031 471 d

124 495 195 571 quia
210 498 327 569 partem
345 490 468 566 quidem
484 490 569 559 lecit,
593 491 649 550 sed
665 497 694 549 et
709 497 824 566 partem
838 509 930 567 quam
943 511 1012 554 non
1025 499 1031 554 l

122 584 224 656 potest
238 578 353 644 lacere,
378 576 465 634 lusus
480 572 548 649 ipse
561 574 747 649 inperfectus
760 581 822 648 est,
839 577 889 651 qui
902 593 1031 639 consun

93 670 170 727 Itur
185 660 304 721 vicibus
319 656 456 717 mittendi
470 674 506 717 ac
521 658 722 718 remittendi.“
755 658 831 718 Nolo
847 659 966 721 diutius
982 663 1031 724 hot

120 748 234 809 fellere.
267 742 473 802 existimemus
496 743 536 801 ita
556 756 642 813 esse,
671 741 752 802 desit
771 743 885 818 aliquid
906 746 1010 820 lusui,

121 827 232 890 lusori=
255 825 300 886 sic
321 832 351 885 et
370 824 399 883 in
416 823 489 898 hoc,
513 824 551 884 de
568 841 628 899 quo
645 823 852 900 disputem,
875 828 969 888 deest
985 831 1031 889 ali

119 913 162 970 rei
180 911 281 982 datae,
303 909 350 968 cui
367 923 421 983 par
436 910 494 968 alia
510 908 646 980 debetur,
669 924 729 968 non
745 909 855 968 animo.
890 910 949 983 Qui
965 914 1031 972 anir

119 1009 225 1070 parem
246 992 304 1052 sibi
326 999 433 1051 nactus
455 1001 516 1066 est,
540 994 729 1068 quantumin
746 993 796 1052 illo
812 1001 874 1067 est,
899 998 988 1068 quod
1005 1015 1031 1055 vl

120 1077 231 1139 effecit.

92 1179 106 1230 1
181 1161 313 1220 XXXIII.
345 1160 532 1220 Beneficium
558 1157 631 1218 milri
657 1158 759 1234 dedit,
788 1162 895 1235 accepi
921 1179 986 1223 non
1015 1181 1031 1223 a

121 1262 210 1320 quam
232 1247 299 1321 ipse
319 1245 417 1319 accipi
439 1244 547 1304 voluit=
576 1243 634 1302 iam
655 1241 747 1303 habet
767 1243 850 1320 quod
871 1246 949 1319 petil
968 1255 1031 1322 eto

106 1321 210 1389 'unum
226 1331 314 1405 petit,
337 1343 410 1402 ergo
425 1334 529 1402 gratus
545 1342 621 1386 sum.
653 1325 727 1386 Post
740 1327 816 1387 haec
831 1344 908 1387 usus
925 1331 988 1388 mei
1006 1349 1031 1389 rt

118 1420 148 1472 et
162 1412 288 1490 aliquod
304 1428 342 1470 ex
356 1410 479 1470 homIne
495 1417 581 1484 gralo
597 1412 799 1471 commodum.
832 1412 899 1472 Hoc
915 1429 979 1472 non
998 1415 1030 1474 in

88 1498 187 1563 electi
204 1494 297 1557 officii
313 1494 430 1568 reliqua
444 1509 516 1568 pars
533 1499 595 1565 est,
615 1494 671 1551 sed
686 1493 813 1568 perlecti
829 1497 983 1557 accessio.
1016 1500 1031 1558 I

116 1578 239 1639 Phidias
260 1585 405 1637 statuam:
435 1574 512 1637 alius
534 1582 582 1635 est
602 1576 717 1636 fructus
740 1579 827 1650 artis,
856 1578 937 1638 alius
960 1582 1031 1641 artil

117 1663 190 1722 artis
212 1668 258 1721 est
277 1659 389 1719 fecisse
406 1660 489 1734 quod
502 1659 611 1731 voluit,
634 1659 751 1720 artificii
768 1661 880 1722 lealsse
895 1677 967 1722 cum
985 1666 1031 1726 lru

119 1744 246 1820 perfecit
267 1760 346 1819 opus
362 1760 450 1803 suum
466 1742 603 1816 Phidias,
627 1743 744 1803 etiamsi
765 1761 825 1804 non
848 1745 1000 1808 vendidit.

118 1830 190 1903 plex
210 1828 253 1887 illi
273 1829 388 1887 lructus
405 1835 452 1887 cst
469 1827 571 1902 operis
588 1824 645 1885 sui.
668 1844 748 1887 unus
766 1829 992 1890 conscientiae:
1017 1833 1031 1891 l

118 1911 258 1972 absoluto
282 1926 376 1986 opere
398 1909 535 1986 percipit.
569 1910 645 1969 aller
670 1911 781 1983 lamae,
811 1913 917 1972 tertius
945 1913 1029 1976 utilit

117 2012 207 2071 quem
222 1996 361 2057 adlatura
376 2001 423 2055 est
439 2001 490 2054 aut
505 1994 601 2066 gratia
615 2000 667 2053 aut
682 1994 814 2055 venditio
830 2003 882 2055 aut
892 1996 1031 2072 aliquae

87 2080 256 2143 amoditas.
294 2077 345 2138 Sic
366 2077 506 2136 beneficii
528 2077 642 2135 fructus
664 2077 780 2150 primus
802 2079 851 2137 ille
866 2086 914 2138 est
931 2097 1031 2143 consa

116 2163 184 2221 tiae.
206 2161 287 2220 hunc
304 2159 448 2235 percipit,
471 2159 522 2233 qui
538 2175 599 2232 quo
616 2161 710 2220 voluit
724 2177 834 2221 munus
851 2178 941 2223 suum
959 2176 1031 2239 perl

116 2244 271 2304 secundus
291 2249 331 2316 [et
342 2246 455 2314 tertius]
471 2249 518 2302 est
534 2248 575 2314 [et
590 2243 687 2303 lamae
703 2249 742 2316 et]
759 2262 880 2319 eorum,
905 2265 991 2320 quae
1009 2269 1028 2326 p

116 2326 189 2387 stari
204 2326 333 2386 invicem
348 2334 494 2401 possunt:
517 2327 619 2400 itaque
637 2342 705 2385 cum
717 2326 848 2402 benigne
860 2339 1027 2405 acceptum

116 2411 296 2470 beneficium
318 2417 373 2470 εει.
408 2410 458 2484 qui
480 2409 577 2483 dedit,
601 2410 726 2482 gratiam
744 2412 866 2485 quidem
887 2413 947 2472 iarn
965 2433 1031 2477 rect

114 2495 286 2554 mercedem
299 2495 449 2554 nondum:
467 2493 565 2553 debeo
579 2493 696 2566 itaque,
713 2496 796 2567 quod
808 2502 893 2554 extra
905 2497 1031 2561 benefic

115 2586 176 2653 εει,
198 2578 298 2654 ipsum
315 2578 436 2655 quiden]
451 2577 530 2635 bene
544 2576 724 2650 accipiendo
740 2580 886 2652 persolvi.

86 2680 101 2732 1
176 2662 309 2721 XXXIV.
332 2662 430 2735 „Quid
447 2665 543 2733 ergo?
561 2659 672 2732 inquil,
694 2660 795 2721 retulit
807 2663 936 2734 gratiam
953 2667 1031 2739 quir

113 2744 231 2804 ιεείιιιι
266 2745 397 2803 Primum
420 2744 505 2802 lecit=
533 2742 615 2802 bono
637 2743 737 2805 animo
759 2745 871 2805 bonum
897 2746 1026 2824 obtulit,

114 2828 197 2902 quod
213 2834 261 2887 εει
281 2829 444 2900 amicitiae,
465 2843 504 2885 ex
522 2840 631 2899 aequo.
660 2835 732 2901 post
746 2828 857 2887 deinde
871 2831 959 2890 aliter
974 2833 1031 2892 ber

113 2911 206 2983 cium,
230 2911 315 2969 aliter
336 2910 482 2969 creditum
504 2909 647 2969 solvitur:
671 2919 796 2971 nonest
813 2914 1031 2991 quodexspec

112 3001 144 3054 ut
169 2993 350 3054 solutlonem
376 2992 428 3052 tibi
456 2994 631 3053 ostendam:
660 3009 710 3054 res
731 2995 808 3055 inter
829 2999 948 3057 animos
965 3003 1031 3074 geri

84 3077 200 3150 aQuod
222 3076 290 3136 dico
312 3093 371 3137 non
391 3075 541 3137 videbitur
563 3078 686 3151 durum,
709 3080 846 3153 quamvis
866 3081 965 3154 primo
987 3102 1031 3144 co}

114 3159 288 3235 opinionem
309 3167 423 3235 pugnet
437 3167 533 3236 tuam,
556 3162 582 3221 si
599 3169 627 3220 le
643 3164 885 3224 commodaveris
902 3168 978 3227 mihi
995 3178 1028 3229 et

113 3245 257 3317 gilaveris
280 3247 384 3320 plures
406 3262 542 3306 asseres
558 3262 648 3320 quam
668 3247 769 3306 verba.
805 3249 917 3322 Ingens
935 3255 1031 3328 copia

113 3343 214 3387 rerum
235 3329 301 3388 sine
325 3331 462 3403 nomine,
489 3345 566 3405 quas
593 3346 653 3389 non
675 3331 807 3417 propriis
830 3333 1031 3406 adpellationi

113 3418 252 3473 notamus
274 3415 330 3472 sed
352 3415 457 3473 alienis
476 3413 752 3487 commodalisque:
778 3416 885 3488 pedem
904 3427 934 3477 ει
950 3431 1031 3482 nostr
