2364 3840
115 187 176 249 roo
404 187 437 244 n.
460 186 605 245 annam
629 152 827 246 snnncan'

116 355 195 415 quae
217 339 364 411 Achaeis,
386 337 528 411 lllrodiis,
551 339 706 413 plerisque
725 338 852 399 urbibus
874 341 966 400 claris
988 342 1037 401 ius
1051 342 1093 403 in-

115 431 231 496 tegrum
254 423 482 496 libertatemque
509 438 577 480 curn
602 421 778 481 immanitate
803 424 998 498 reddiderat,
1027 425 1094 500 ipsa

114 507 257 566 tribulum
274 506 463 581 spadonibus
481 506 635 579 penderet.

90 599 104 650 l
177 590 270 649 XVll.
298 589 425 649 Deficiet
445 588 511 646 dies
536 596 763 648 enumerantem
782 590 918 664 ingratos
940 593 1093 667 usquein

116 674 220 733 ultima
244 672 357 747 patriae
379 671 480 730 exitia.
516 671 626 746 Aeque
646 672 816 733 inmensum
833 674 902 746 erit,
925 673 953 733 si
971 691 1092 749 pereur-

117 772 185 815 rere
207 772 355 830 coepero,
384 756 453 828 ipsa
473 755 648 827 respublica
670 772 761 830 quam
782 758 901 830 ingrata
915 758 944 816 in
963 761 1093 832 optimas

117 855 153 899 ae
166 839 382 898 devotissimos
395 835 453 896 sibi
465 836 554 896 luerit
566 855 719 914 quamque
730 856 791 899 non
803 840 903 900 minus
915 855 1013 916 saepe
1027 859 1092 917 pea-

86 932 103 982 2
116 922 230 981 canerit
241 937 332 996 quarn
344 922 374 979 in
387 921 484 995 ipsam
499 929 657 995 peccalum
671 930 727 982 est.
760 923 917 982 Camillum
928 923 960 982 in
972 927 1093 985 exilium

116 1006 210 1075 misit,
234 1004 409 1080 Scipionem
425 1004 546 1064 dimisit.
579 1005 713 1065 exulavit
728 1013 799 1081 post
811 1006 968 1066 Catilinam
980 1009 1092 1083 Cicero,

117 1089 206 1147 diruti
222 1090 288 1148 eius
304 1096 447 1162 penates,
469 1087 551 1147 bona
562 1088 695 1163 direpta,
718 1091 827 1150 lactum
840 1090 988 1166 quicquid
1001 1093 1094 1152 victor

117 1171 243 1232 Catilina
269 1173 402 1232 lecisset.
444 1173 573 1232 Rutilius
601 1173 792 1233 innocentiae
819 1175 949 1249 pretium
975 1176 1043 1235 tulit
1066 1177 1108 1235 in·

35 1278 48 1318 t
116 1254 192 1315 Asia
205 1255 306 1314 latere.
344 1254 449 1316 Catoni
464 1257 596 1330 populus
608 1257 763 1317 Romanus
779 1265 953 1332 praeturam
964 1261 1092 1336 negavit

88 1337 507 1414 sconsulnturnpernegavit.
530 1341 641 1413 ingrati
652 1339 771 1415 publice
780 1357 896 1401 sumus.
920 1356 956 1400 se
965 1344 1093 1419 quisque

116 1425 299 1497 interroget:
329 1439 418 1482 nemo
440 1439 501 1482 non
524 1423 654 1497 aliquem
671 1423 807 1498 queritur
822 1426 981 1499 ingratum.
1013 1426 1093 1501 atqui

115 1524 177 1566 non
197 1512 298 1581 potest
310 1506 390 1576 lieri,
407 1512 440 1564 ut
453 1521 559 1565 ornnes
573 1515 753 1581 querantur,
771 1509 829 1567 nisi
842 1510 1035 1582 querendum
1049 1517 1094 1569 est

116 1592 154 1650 de
167 1590 325 1649 omnibus:
343 1605 449 1649 ornnes
461 1605 534 1663 ergo
547 1590 654 1663 ingrati
667 1599 754 1650 sunt:
771 1594 904 1666 [ingrata]
915 1597 1054 1652 untunn
1067 1600 1094 1651 et

116 1672 220 1747 cupidi
235 1688 341 1732 omnes
357 1678 386 1731 et
400 1673 520 1747 maligni
537 1688 644 1732 omnes
656 1681 686 1732 et
697 1674 791 1733 timidi
804 1690 920 1749 omnes,
937 1675 980 1735 illi
993 1677 1024 1735 in
1036 1675 1093 1752 pri·

115 1757 172 1815 mis
189 1757 240 1829 qui
255 1757 395 1816 videntur
409 1757 553 1816 audaces.
577 1757 679 1828 adice,
695 1763 725 1816 et
739 1758 892 1817 ambitiosi
906 1774 1016 1820 omnes
1027 1766 1094 1820 sunt

117 1848 146 1899 et
160 1839 234 1915 inpii
250 1854 367 1900 omnes.
390 1839 452 1900 Sed
468 1857 528 1900 non
545 1841 687 1913 estquod
703 1840 857 1902 irascaris.
878 1840 1009 1916 ignosce
1021 1842 1093 1903 illis:

86 1933 104 1986 4
117 1940 224 1984 omnes
239 1922 402 1984 insaniunt.
437 1924 558 1984 Nalote
573 1925 612 1983 ad
627 1925 741 1983 incerta
756 1940 918 1997 revocare,
933 1932 968 1986 ut
978 1927 1092 1986 dicam:

115 2007 207 2082 „vide
230 2024 321 2083 quam
341 2007 459 2082 ingrata
474 2010 513 2068 sit
527 2009 685 2067 iuventus=
715 2007 784 2082 quis
798 2025 860 2068 non
877 2010 955 2083 patri
970 2025 1029 2069 suo
1046 2028 1093 2070 su-

116 2108 252 2166 premum
269 2092 365 2164 diem,
386 2098 419 2150 ut
437 2093 585 2150 innocens
602 2092 654 2163 sit,
677 2098 782 2165 optat?
808 2100 840 2151 ut
853 2092 1033 2154 moderatus
1048 2094 1093 2167 sit,

116 2181 296 2247 exspectat?
316 2182 348 2233 nt
360 2174 443 2248 pius,
461 2175 592 2248 cogitati
624 2175 741 2247 Quotus
754 2176 885 2252 quisque
896 2177 1005 2237 uxoris
1019 2178 1093 2253 opti-

115 2273 183 2315 mae
204 2264 331 2316 mortem
346 2257 441 2330 timet,
464 2264 498 2315 ut
513 2272 573 2316 non
589 2266 618 2317 et
637 2265 802 2334 conputet?
839 2258 905 2332 Coi,
928 2276 1022 2334 rogo,
1047 2259 1094 2320 eui

116 2340 256 2413 litigatori
278 2340 406 2399 defenso
429 2347 488 2400 tam
510 2342 609 2414 magni
623 2341 766 2402 beneficii
779 2343 857 2402 ultra
871 2356 922 2402 res
934 2345 1093 2418 proximas

85 2424 258 2484 5memoria
273 2423 433 2484 duraviti“
466 2425 543 2484 Illud
559 2426 588 2483 in
606 2427 750 2486 confesso
766 2434 828 2485 est:
852 2427 921 2500 quis
937 2425 1007 2487 sine
1022 2444 1092 2505 que-

114 2510 178 2567 rela
192 2509 337 2568 moritur?
359 2511 427 2583 quis
443 2515 578 2568 extremo
595 2509 644 2568 die
659 2509 763 2568 dicere
776 2510 883 2569 audet:

226 2593 297 2652 Vici
308 2598 338 2653 et
350 2609 434 2666 quem
450 2593 576 2653 dederat
589 2609 708 2653 cursum
720 2594 847 2666 fortuna
858 2591 987 2670 peregi?

4 2701 9 2719 κ
116 2675 184 2749 quis
207 2693 267 2735 non
288 2691 453 2749 recusans,
475 2677 545 2749 quis
567 2694 626 2736 non
648 2692 774 2750 gemens
797 2677 882 2737 exiti
918 2679 1014 2754 Atqui
1035 2679 1093 2739 hoc

86 2760 222 2831 6ingrati
238 2766 292 2829 est,
310 2776 370 2818 nan
383 2775 454 2818 esse
470 2766 643 2819 contentum
660 2762 823 2834 praeterito
836 2768 984 2835 tempore.
1007 2761 1090 2822 Sem·

115 2856 169 2916 per
189 2842 278 2917 pauci
300 2842 366 2901 dies
388 2850 491 2916 erunt,
519 2844 545 2902 si
566 2845 635 2903 illos
657 2842 875 2905 numeraveris.
903 2845 1008 2919 cogita
1031 2862 1092 2907 non

113 2940 184 2983 esse
207 2941 356 2984 summum
380 2928 494 2986 bonum
514 2928 717 3002 intempore:
741 2936 1021 3004 quantumcumque
1037 2935 1091 3002 est,

113 3008 183 3066 boni
205 3011 359 3069 consules.
385 3018 418 3069 ut
439 3017 619 3084 prorogetur
635 3009 690 3070 tibi
705 3011 772 3071 dies
787 3010 909 3084 mortis,
931 3012 1007 3072 nihil
1023 3030 1091 3088 pro-

112 3090 212 3150 ficitur
233 3093 272 3150 ad
294 3091 478 3166 felicitatem,
502 3094 644 3167 quoniam
666 3111 752 3155 mora
765 3111 827 3156 non
842 3095 875 3156 iit
888 3094 1010 3157 beatior
1025 3098 1090 3170 vita,

84 3180 100 3234 l
112 3174 168 3235 sed
180 3176 307 3249 longior.
339 3176 455 3248 Quanto
468 3177 564 3238 satius
575 3186 622 3239 est
632 3186 750 3253 gratum
763 3180 913 3239 adversus
928 3189 1090 3256 perceptas

112 3260 286 3334 voluptates
307 3276 369 3320 non
389 3261 517 3320 aliorum
538 3278 635 3322 annos
657 3269 840 3338 conputare,
864 3263 920 3322 sed
943 3279 1022 3324 suos
1039 3263 1089 3324 be·

112 3342 202 3416 nigno
224 3344 385 3403 aestimare
403 3353 433 3404 ct
446 3345 475 3404 in
492 3347 576 3407 lucro
592 3353 729 3421 poneret
760 3347 827 3407 Hoc
842 3363 890 3406 me
905 3347 1032 3422 dignum
1047 3349 1089 3406 iu·

111 3423 222 3486 dicavit
238 3428 330 3487 deus:
353 3429 412 3489 lroc
429 3429 503 3489 satis
519 3437 575 3490 est.
598 3429 695 3505 potuit
709 3431 793 3505 plus:
816 3431 874 3490 sed
887 3429 948 3491 hoc
964 3445 1089 3507 quoque
