2364 3840
157 162 218 225 112
441 162 474 220 L.
495 161 641 221 ANNAEl
663 160 838 221 SENECAE

156 324 215 389 ret,
233 333 291 376 neo
305 316 385 376 utitis
402 323 432 374 et
446 312 577 374 safubris
594 314 696 373 eibos:
716 328 786 372 nam
801 313 853 388 qui
867 313 1053 374 beneficium
1068 313 1132 375 miii

157 403 283 460 daturus
300 408 361 470 est,
385 399 477 459 debet
491 414 552 457 non
567 404 682 457 tantum
699 397 866 470 prodesse,
881 397 937 456 sed
953 399 1044 456 velte.
1066 399 1132 457 Ideo

156 500 213 544 neo
227 485 317 544 mutis
332 481 513 542 animalibus
530 481 694 556 quicquam
709 480 852 540 debetur:
874 487 905 538 et
919 497 1013 554 quam
1027 481 1132 543 multos

157 567 327 642 epericulo
342 567 489 626 velocitas
508 565 579 639 eqni
593 563 714 638 rapuit?
735 579 793 623 neo
804 563 983 623 arboribus:
1006 573 1131 640 etquan

127 653 268 712 dmuftos
290 657 378 709 aestu
400 650 574 707 laborantes
597 663 751 707 ramorum
772 647 910 722 opacitas
931 647 1029 706 texit?
1064 647 1131 721 Quid

157 743 256 794 antem
278 735 417 803 interest,
446 738 546 791 utrum
567 730 640 789 mini
661 729 713 805 qui
733 731 831 789 nescit
851 730 1003 804 profuerit
1027 746 1067 789 an
1088 731 1132 805 qui

157 819 237 877 seire
253 833 312 876 non
328 816 439 889 potuit,
456 830 524 873 eum
539 815 659 888 utrique
674 814 753 872 velie
768 813 916 873 defuerit?
945 813 1023 886 Quid
1040 822 1132 874 autem

156 902 296 970 interest,
320 906 418 958 aarum
440 914 489 956 me
510 897 618 957 iubeas
640 895 711 956 navi
725 907 777 957 aut
791 896 932 956 vehiouio
947 904 1001 957 aut
1015 898 1132 957 lanceae

158 983 271 1042 debere
285 982 484 1055 beneficium,
500 999 538 1041 an
553 981 581 1040 ei
597 982 647 1055 qtti
661 996 761 1055 aeque
773 996 863 1054 quarn
875 981 934 1040 ista
946 981 1132 1056 propositum

157 1065 369 1125 benefaciendi
384 1066 499 1124 nulfum
514 1065 633 1138 habuit,
657 1064 713 1123 sed
731 1064 844 1138 profuit
859 1070 956 1124 casu?

130 1163 142 1213 1
220 1149 299 1210 Vlli.
321 1150 507 1209 Beneficium
524 1147 633 1222 aliquis
648 1148 790 1207 nesciens
807 1147 931 1222 aooipn,
953 1163 1047 1207 nemo
1059 1162 1132 1206 ane·

158 1234 282 1293 sciente.
321 1234 480 1307 Quomodo
493 1236 604 1293 muttos
619 1232 743 1291 fortuita
759 1237 868 1290 sanant
882 1246 940 1290 neo
956 1230 1029 1291 ideo
1044 1245 1131 1289 reme·

158 1318 207 1376 dia
219 1325 303 1378 sunt:
321 1319 391 1378 etin
405 1318 519 1377 flumen
531 1315 619 1374 alieni
633 1315 784 1375 cecidisse
796 1312 909 1388 frigore
920 1329 1034 1388 magno
1047 1329 1133 1374 eausa

156 1403 295 1461 sanitatis
309 1402 371 1461 fuit.
393 1400 547 1475 quomodo
559 1399 760 1473 quorumdam
773 1397 902 1472 flagellis
916 1406 1067 1472 quartana
1077 1398 1132 1457 dis-

158 1501 250 1543 cussa
272 1492 369 1543 estet
394 1491 492 1542 metus
514 1483 691 1556 repentinus
714 1481 846 1542 animum
867 1484 896 1542 in
921 1481 1013 1542 aliam
1037 1497 1133 1542 ouran

158 1567 325 1626 avertendo
347 1573 509 1640 suspectus
531 1565 623 1625 horas
646 1566 768 1637 fefellit,
799 1581 856 1625 neo
880 1565 950 1625 ideo
974 1564 1133 1641 quiequam

156 1650 280 1723 horum,
304 1648 422 1709 etlamsi
444 1649 533 1708 saluti
554 1649 624 1721 fuit,
648 1649 781 1709 salutare
796 1656 858 1709 est:
881 1650 926 1707 sio
943 1648 1070 1724 quidam
1084 1664 1134 1709 no·

157 1733 205 1792 bis
221 1741 366 1807 prosunt,
389 1734 461 1793 dum
477 1735 598 1806 nolunt,
619 1732 710 1792 immo
727 1734 799 1807 quia
813 1734 929 1793 nolunt.
960 1741 1133 1794 nontamen

158 1816 227 1875 ideo
250 1817 308 1875 iffis
330 1818 511 1877 beneficium
534 1817 696 1890 debemus,
722 1817 805 1891 quod
822 1816 997 1891 perniciosa
1018 1818 1131 1878 ifforum

128 1898 287 1960 aeonsifia
306 1903 427 1962 fortuna
442 1901 569 1962 deflexit
582 1902 612 1960 in
627 1900 745 1960 meiius.
782 1902 830 1958 An
846 1900 1007 1960 existimas
1023 1916 1072 1959 me
1086 1900 1134 1959 de-

155 1986 229 2044 bere
244 1987 271 2045 ei
288 1987 471 2062 quiequam·
491 1987 577 2045 ouius
593 2001 702 2044 manus
719 2000 786 2044 eum
802 2000 851 2043 me
864 1991 994 2058 peteret,
1012 1999 1134 2058 pereus-

157 2069 196 2128 sit
217 2067 336 2129 hostem
358 2085 472 2140 meum,
497 2070 549 2143 qui
568 2069 741 2141 nocuisset,
764 2068 823 2127 nisi
845 2072 1002 2129 errassem
1038 2065 1135 2141 Saepe

156 2152 253 2211 hostis
269 2153 339 2211 dum
358 2158 464 2225 aperte
482 2153 609 2225 peierat,
632 2153 720 2210 etiam
738 2153 819 2212 ueris
834 2152 964 2212 testibus
979 2150 1136 2226 abrogavit

156 2233 248 2292 fidem
270 2243 300 2293 ot
322 2250 407 2293 reum
430 2237 511 2293 vetut
532 2234 663 2294 faotione
679 2236 917 2297 circumventum
932 2233 1135 2295 miserabilem

127 2317 297 2377 aroddidit.
337 2317 492 2390 Quosdam
518 2317 586 2391 ipsa
603 2334 681 2394 quae
696 2319 854 2393 premebat
868 2317 1006 2394 potentia
1018 2317 1134 2393 eripuit

156 2407 187 2458 et
207 2400 325 2460 iudices
347 2417 436 2476 quem
458 2402 627 2462 damnaturi
645 2409 731 2462 orant
747 2418 857 2478 eausa,
880 2403 1027 2462 damnare
1042 2402 1133 2476 gratia

155 2485 327 2545 noluerunt.
349 2494 525 2545 nontamen
540 2486 570 2544 hi
585 2502 638 2546 reo
654 2486 837 2547 beneficium
849 2487 1015 2560 dederunt,
1033 2501 1133 2562 quam·

154 2569 202 2628 vis
218 2570 401 2644 profuerint,
424 2570 495 2644 quia
509 2570 601 2629 telum
620 2585 681 2645 quo
697 2571 825 2630 missum
839 2571 892 2643 sit,
916 2585 977 2629 non
990 2586 1053 2644 quo
1070 2584 1134 2644 per·-

154 2652 272 2713 venerit
296 2654 451 2728 quaeritur
472 2661 502 2713 et
522 2651 704 2713 beneficium
725 2653 764 2712 ab
779 2654 887 2713 iniuria
902 2652 1063 2728 distinguit
1077 2668 1133 2713 non

126 2738 297 2808 teventus,
321 2736 376 2796 sed
393 2738 522 2797 animus.
554 2737 762 2797 Adversarius
773 2754 876 2811 meus,
899 2736 972 2796 dum
986 2737 1135 2797 contraria

155 2818 227 2877 dioit
248 2825 278 2877 et
299 2820 429 2879 iudioem
450 2820 595 2894 superbia
616 2820 743 2881 offendit
762 2827 793 2882 et
807 2822 835 2880 in
851 2836 944 2880 unum
960 2827 1071 2881 testem
1088 2819 1134 2892 [de

154 2908 214 2973 me]
235 2917 299 2959 rem
321 2902 462 2976 demittit,
487 2920 610 2963 oausam
631 2920 729 2963 meam
753 2906 859 2965 erexit.
886 2920 947 2964 non
964 2920 1081 2980 quaero
1099 2916 1133 2961 an

156 3001 211 3059 pro
226 3000 274 3042 me
290 2987 450 3045 erraveritz
472 2995 579 3046 oontra
593 3003 641 3046 me
657 2988 761 3048 voluit.

126 3083 141 3133 1
216 3067 266 3126 lX.
294 3068 410 3143 Nempe
429 3077 463 3128 ut
482 3079 586 3144 gratus
609 3071 684 3145 sim,
711 3073 790 3131 velte
810 3072 909 3133 debeo
930 3072 1013 3131 idem
1035 3072 1133 3131 faeere

155 3151 325 3224 quoditie,
351 3158 385 3211 ut
404 3152 585 3213 beneficium
605 3155 706 3228 daret,
735 3152 848 3215 debuit.
890 3156 1064 3231 Numquid
1092 3159 1135 3213 est

154 3232 289 3308 iniquius
311 3233 449 3310 homine,
473 3236 524 3311 qui
547 3253 616 3297 eum
639 3239 717 3313 odit,
739 3255 832 3314 aquo
849 3239 880 3298 in
895 3239 985 3300 turba
1000 3240 1133 3299 eafoatus

155 3324 207 3376 aut
220 3334 385 3392 respersus
401 3328 452 3380 aut
466 3338 525 3394 quo
542 3322 636 3382 nollet
649 3323 788 3397 inpulsus
805 3329 872 3383 est?
899 3323 983 3399 atqui
1000 3322 1133 3399 quidest

155 3399 252 3477 aliud,
276 3404 360 3477 quod
379 3401 461 3463 ilium
479 3408 622 3481 querelae
638 3408 764 3482 eximat,
786 3423 853 3467 oum
869 3408 898 3465 in
913 3422 948 3466 re
963 3408 1002 3467 sit
1017 3405 1131 3475 iniuria
