2364 3840
256 182 308 242 DE
326 181 539 242 BENEFICIIS
561 182 695 242 LlB.Vl.
718 191 850 246 att—31.
978 183 1040 247 125

57 349 134 395 esse
155 333 219 406 vis,
242 330 291 392 cui
312 332 473 407 plurimum
488 332 583 392 debes
602 331 769 404 [beatum12
800 332 875 408 quid
889 335 984 408 enim,
1007 344 1041 396 ut

59 417 142 491 dixi,
163 422 247 476 vetat
259 423 290 474 te
300 416 416 474 reterre
427 415 516 475 etiam
528 431 647 474 summa
658 416 800 476 felicitate
813 417 959 491 praeditis
972 434 1037 492 gra-

58 501 155 560 tiam?
181 499 268 561 cuius
290 501 381 573 plena
401 498 454 558 tibi
476 507 616 559 occurret
630 507 660 558 et
681 500 765 559 varia
779 501 912 560 materia.
943 501 1038 574 quid‘t

58 591 94 644 tu
112 582 218 644 nescis
234 581 368 642 debitum
382 582 471 641 etiam
486 582 689 657 locupletibus
706 584 805 643 solvit
840 584 901 642 Nec
916 593 947 645 te
962 584 1066 651 invi-3

58 674 125 727 tum
141 664 335 740 distringam:
358 666 460 726 omnia
474 682 552 725 sane·
564 666 729 726 excluserit
740 670 884 741 opulenta
899 668 1037 741 felicitas,

59 750 242 811 monstrabo
258 747 326 821 tibi,
337 749 436 809 'cuius
451 750 495 809 rei
509 750 614 823 inopia
630 751 767 811 laborent
782 767 892 826 magna
907 750 1036 824 fastigia,

59 832 138 910 quid
159 832 261 893 omnia
282 832 513 907 possidentibus
532 833 625 893 desit:
646 834 762 895 scilicet
776 833 841 906 ille,
866 837 917 910 qui
932 852 1038 895 verum

59 918 145 978 dicat
172 922 204 976 et
229 917 382 976 hominem
408 916 486 974 inter
506 917 685 978 mentientes
713 924 886 992 stupentem
907 921 1039 994 ipsaque

58 999 287 1062 consuetudine
309 1016 366 1073 pro
386 999 478 1058 rectis
495 999 608 1059 blanda
622 1001 764 1061 audiendi
783 1002 822 1060 ad
838 1004 1040 1078 ignorantiam

59 1083 128 1144 veri
148 1083 330 1157 perductum
350 1082 486 1142 vindicet
504 1100 523 1142 a
542 1099 697 1143 consensu
719 1093 930 1161 concentuque
946 1088 1039 1147 lalso-

58 1184 139 1228 rum.
174 1167 240 1225 Non
257 1167 362 1240 videS,
385 1168 641 1241 quemadmodum
661 1168 731 1226 illos
752 1168 781 1225 in
803 1184 954 1242 praeceps
970 1177 1069 1244 agat4

59 1250 214 1311 exstincta
229 1249 353 1310 libertas
369 1257 399 1309 et
415 1250 493 1309 tides
508 1252 537 1308 in
552 1249 735 1325 obsequium
750 1252 861 1309 servile
874 1252 1038 1326 submissa,

60 1336 136 1395 dum
157 1350 247 1393 nemo
268 1333 419 1392 exanimi
441 1335 489 1394 sui
510 1335 659 1394 sententia
679 1334 789 1394 suadet
809 1332 1038 1410 dissuadetque,

61 1419 121 1478 sed
142 1417 287 1477 adulandi
309 1425 460 1476 certamen
483 1424 580 1477 estet
599 1435 691 1478 unum
713 1419 878 1477 amicorum
905 1419 1039 1478 omnium

61 1501 215 1572 officium,
237 1517 299 1562 uua
320 1503 488 1572 contentio,
513 1503 580 1575 quis
601 1502 801 1562 blandissime
816 1502 919 1562 lallatt
950 1503 1067 1577 Igno-5

60 1601 171 1646 ravere
193 1584 273 1644 vires
292 1600 366 1644 suas
381 1593 425 1658 et,
448 1586 518 1643 dum
535 1602 569 1644 se
584 1593 644 1644 tam
660 1601 789 1660 magnos
806 1602 898 1661 quam
914 1587 1040 1646 audiunt

60 1660 207 1741 credunt,
235 1667 396 1727 adtraxere
421 1684 614 1742 supervacua
640 1678 670 1729 et
694 1671 724 1728 in
751 1671 914 1730 discrimen
938 1687 1039 1730 rerum

62 1752 198 1814 omnium
219 1759 404 1825 perventura
425 1752 514 1810 bella.
543 1752 646 1812 utilem
662 1761 692 1812 et
706 1754 911 1813 necessariam
928 1770 1040 1828 rupere

61 1835 270 1895 concordiam.
304 1837 401 1895 secuti
422 1836 511 1908 iram,
541 1851 632 1909 quam
656 1851 745 1894 nemo
767 1839 939 1909 revocavit,
964 1839 1039 1896 mul-

61 1926 164 1979 torum
179 1920 358 1992 sanguinem
373 1918 542 1978 hauserunt
554 1919 651 1978 fusuri
667 1918 833 1978 novissime
849 1936 951 1992 suum,
967 1920 1040 1979 dum

62 2003 220 2063 vindicant
240 2003 432 2075 inexplorata
452 2017 509 2076 pro
531 2003 621 2062 certis
636 2001 780 2076 flectique
796 2018 857 2061 non
872 2004 971 2061 minus
987 2018 1039 2061 ex-

62 2086 199 2147 istimant
218 2094 306 2159 turpe
321 2102 413 2160 quarn
433 2087 513 2144 vinci
534 2093 564 2145 et
585 2093 732 2161 perpetua
747 2087 890 2159 credunt,
915 2101 993 2159 quae
1008 2088 1038 2144 in

63 2186 215 2232 summum
236 2170 382 2244 perducta
397 2171 527 2228 maxime
543 2177 657 2230 nutant.
693 2171 830 2244 lugentia
845 2186 939 2244 super
955 2186 989 2229 se
1004 2181 1069 2236 aco

63 2270 140 2317 suos
156 2269 252 2328 regna
266 2254 421 2327 fregerunt
435 2269 491 2312 nec
505 2254 717 2314 intellexerunt
732 2255 762 2312 in
777 2255 827 2313 illa
843 2270 937 2314 scena
952 2255 1039 2314 vanis

63 2347 93 2399 et
107 2338 168 2398 cito
184 2336 393 2397 diffluentibus
408 2337 498 2396 bonis
513 2338 681 2411 refulgente
697 2354 735 2396 ex
751 2353 787 2396 eo
804 2346 941 2412 tempore
952 2339 1040 2413 ipsos

63 2421 138 2481 nihil
158 2436 220 2480 non
240 2420 363 2479 adversi
379 2428 561 2494 exspectare
575 2421 734 2495 debuisse,
754 2437 794 2480 ex
811 2438 871 2496 quo
888 2421 960 2480 nihil
978 2422 1040 2480 veri

64 2504 173 2565 audire
189 2511 361 2578 potuerunt.

126 2587 233 2648 XXXI.
262 2586 337 2647 Cum
357 2587 469 2647 bellum
491 2587 636 2648 Graeciae
655 2588 803 2646 indiceret
819 2588 954 2659 XerxeS,
978 2587 1069 2645 ani-l

62 2687 146 2730 mum
156 2677 321 2731 tumentem
334 2666 519 2746 oblitumque
531 2687 622 2745 quam
635 2671 759 2730 caducis
772 2670 940 2730 confideret
951 2684 1041 2730 nemo

63 2771 126 2816 uon
142 2753 259 2829 inpulit.
294 2753 384 2814 Alius
399 2756 499 2814 aiebat
514 2772 574 2814 non
590 2755 705 2814 laturos
721 2755 855 2814 nuntium
871 2751 941 2812 belli
958 2761 988 2814 et
1003 2754 1042 2816 ad

64 2838 193 2913 primam
209 2837 359 2897 adventus
374 2839 483 2897 lamam
499 2846 583 2912 terga
600 2855 754 2898 versuros
790 2838 867 2896 alius
883 2837 956 2897 nihil
972 2843 1071 2898 esset

64 2920 166 2995 dubii,
189 2919 262 2996 quin
276 2921 327 2980 illa
340 2923 420 2981 mole
435 2937 495 2981 non
510 2923 591 2981 vinci
607 2923 706 2982 solum
722 2921 864 2993 Graecia,
883 2921 940 2980 sed
955 2922 1043 2983 obrui

64 3013 192 3079 posset:
221 3004 318 3079 magis
340 3005 506 3065 verendum
527 3022 565 3064 ne
586 3022 702 3064 vacuas
725 3005 927 3079 desertasque
948 3008 1042 3067 urbes

64 3088 238 3148 invenirent
258 3096 288 3147 et
307 3088 446 3163 profugis
467 3088 607 3148 hostibus
629 3097 736 3149 vastae
756 3088 937 3150 solitudines
952 3092 1041 3149 relin-

65 3183 234 3247 querentur
256 3188 316 3232 non
337 3172 498 3245 habituriS,
524 3173 575 3232 ubi
595 3179 694 3232 tantas
710 3173 794 3234 vires
810 3187 954 3231 exercere
970 3190 1042 3248 pos-

64 3264 144 3316 sent.
175 3255 253 3315 alius
269 3256 321 3314 vix
334 3256 377 3314 illi
392 3270 494 3314 rerum
506 3262 644 3316 naturam
657 3257 815 3329 sulficere,
830 3262 961 3329 angusta
973 3261 1072 3317 essee

66 3338 221 3400 classibus
241 3337 351 3410 maria,
380 3338 465 3397 militi
487 3346 603 3414 castra,
632 3339 823 3415 explicandis
847 3339 1043 3411 equestribus

65 3422 167 3496 copiis
188 3423 387 3497 campestria,
410 3422 462 3481 vix
478 3430 584 3496 patere
599 3426 719 3487 coelum
733 3421 808 3485 satis
823 3419 864 3479 ad
879 3420 1057 3493 emittenda,
