2364 3840
112 207 154 274 72
403 209 437 269 L.
453 210 600 269 ANNAEI
623 209 799 271 SENECAE

113 367 166 433 da,
194 361 340 436 sepositis
363 374 488 434 quoque
509 357 568 417 illis
596 374 632 417 ac
657 359 781 419 remotis
808 361 923 433 placet.
969 361 1079 425 Prodes

83 452 232 519 agratum
253 460 340 504 esse:
370 459 423 502 ero
446 450 545 501 tamen
565 450 684 514 gratus,
706 441 825 502 etiamsi
840 452 948 505 nocet.
989 449 1079 509 Grata

114 535 199 602 [εειι]
224 529 297 603 quid
319 527 476 600 sequiturl
503 533 535 585 ut
557 524 632 584 haec
653 541 703 584 res
725 525 765 584 illi
781 527 860 586 alios
877 529 1021 607 amieos,
1043 532 1078 591 ali

114 611 263 672 beneficia
279 610 441 670 conciliet?
470 608 543 682 quid
558 623 647 682 ergo,
670 610 696 668 sl
713 610 782 683 quis
794 610 853 669 sibi
866 611 1017 676 offensas
1030 632 1079 675 con

114 698 260 755 citaturus
282 700 351 753 eslt
382 693 497 766 siquis
520 691 678 766 intellegit,
705 693 784 752 adeo
807 710 863 767 per
886 695 953 756 hoc
977 716 1016 759 se
1031 699 1079 758 nili

115 786 364 849 consecuturum,
394 783 425 835 ut
446 776 538 834 multa
560 776 650 834 etiarn
672 791 709 834 ex
724 778 861 851 reposito
877 783 1078 858 acquisitoqn

85 862 272 938 aperdenda
288 861 368 920 sint?
397 876 457 919 non
473 859 571 919 libens
587 860 616 917 in
633 859 811 920 detrimenta
826 862 1024 927 descendit?
1054 868 1079 925 lu

115 953 219 1019 gratus
236 952 291 1017 est,
309 945 360 1020 qui
375 946 403 1003 in
417 944 576 1003 reserenda
588 943 685 1016 gratia
697 946 868 1004 secundum
884 946 1000 1009 datum
1013 951 1079 1010 videt

116 1027 170 1103 qui
184 1035 290 1101 sperat
301 1044 368 1087 cum
380 1028 490 1087 reddit.
514 1027 662 1100 ingratum
675 1043 767 1099 voco,
790 1028 842 1102 qui
853 1044 957 1105 aegro
971 1035 1079 1095 adsedi

117 1113 188 1186 quia
208 1118 418 1171 testamentum
441 1112 575 1170 lactarus
596 1117 657 1182 est,
681 1111 728 1169 cui
744 1111 782 1169 de
796 1110 980 1177 hereditate
995 1129 1048 1179 aut
1062 1119 1079 1177 d

115 1197 215 1269 legato
234 1201 322 1255 vacat
337 1196 480 1269 cogitare.
509 1195 599 1253 lactat
613 1196 683 1254 licet
697 1195 808 1268 omnia,
823 1212 908 1271 quae
924 1200 1035 1263 faeere
1049 1203 1079 1262 bo

116 1297 173 1340 nus
195 1281 310 1340 amicus
332 1285 362 1339 ει
375 1293 492 1337 memor
507 1277 598 1337 olficii
614 1278 718 1352 debet,
740 1279 766 1337 si
782 1280 886 1340 animo
903 1283 978 1344 eius
995 1287 1079 1346 obver

115 1373 199 1424 satur
215 1380 304 1439 spes,
331 1363 357 1423 si
373 1361 448 1420 lucri
468 1368 605 1433 captator
620 1369 710 1421 estet
724 1362 846 1423 hamum
860 1364 956 1427 iacit:
980 1377 1079 1430 utare

116 1465 195 1523 quae
210 1447 393 1506 laceratione
410 1458 571 1517 corporum
587 1446 721 1517 aluntur,
742 1444 826 1506 lassa
846 1451 966 1513 morbo
989 1469 1079 1529 pecon

115 1541 145 1591 et
159 1548 270 1590 casura
284 1544 301 1586 e
316 1528 457 1602 proximo
472 1529 683 1603 speculantur,
703 1531 744 1588 ita
759 1529 808 1589 hic
822 1531 959 1597 inminet
971 1539 1079 1598 mortie

116 1616 198 1673 circa
213 1612 344 1671 cadaver
360 1611 450 1668 volat.

88 1709 102 1758 1
178 1696 254 1753 XXl.
280 1695 389 1753 Gratus
405 1693 524 1752 animus
538 1695 607 1767 ipsa
618 1694 726 1755 virtute
739 1699 890 1770 propositi
904 1703 959 1762 sui
973 1703 1079 1778 capitu

115 1779 171 1838 Vis
194 1778 272 1838 scire
293 1777 352 1838 hoc
369 1779 411 1837 ila
428 1793 499 1836 esse
516 1794 572 1837 nec
587 1777 669 1837 illurn
689 1778 813 1839 utilitate
829 1789 1017 1862 corrumpit
1042 1788 1079 1846 dn

115 1878 228 1938 genera
243 1870 314 1924 sunt
330 1863 405 1937 grati
422 1861 566 1922 hominis:
582 1861 691 1921 dicitur
705 1870 820 1937 gratus²
835 1868 889 1940 qui
906 1870 1032 1945 aliquid
1045 1887 1079 1946 pn

116 1963 163 2020 eo,
174 1949 256 2024 quod
269 1951 440 2022 acceperat,
452 1947 560 2005 reddit.
577 1946 625 2005 hic
634 1948 765 2006 sortasse
773 1954 934 2011 ostentare
943 1969 981 2013 se
988 1960 1079 2030 potest

86 2031 203 2092 ahabet
216 2033 299 2106 quod
311 2032 415 2101 iactet,
430 2030 514 2103 quod
526 2032 668 2103 proterat.
690 2029 806 2090 Dicitur
815 2040 936 2107 gratus
953 2038 1079 2112 quibant

116 2117 216 2175 animo
238 2115 357 2186 aceepit
377 2112 573 2183 beneficium,
595 2113 676 2173 bono
693 2114 792 2174 debet.
815 2115 866 2175 hic
880 2117 967 2179 intra
982 2121 1080 2182 consci

116 2197 226 2256 entiam
249 2199 353 2255 clusus
370 2202 425 2253 εει.
462 2211 541 2267 quae
556 2195 598 2254 illi
613 2198 790 2272 contingere
807 2206 912 2273 potest
928 2204 1049 2266 utilitas
1062 2221 1079 2265 c:

117 2281 239 2338 adiectu
260 2278 384 2338 latentit'
417 2284 509 2351 atque
530 2278 593 2346 hic,
617 2281 735 2340 etiamsi
750 2283 828 2342 ultra
849 2284 958 2347 lacere
974 2289 1021 2349 nil
1037 2295 1079 2364 pot

116 2369 180 2434 est,
211 2369 314 2436 gratus
333 2369 399 2420 est:
433 2368 531 2435 amat,
564 2363 673 2437 debet,
706 2367 822 2424 reterre
842 2370 979 2440 gratiam
1009 2373 1079 2449 cupit

87 2445 263 2522 squicquid
274 2448 353 2505 ultra
365 2446 534 2520 desideras,
545 2462 605 2505 non
619 2448 677 2522 ipsi
693 2448 790 2507 deest.
810 2450 933 2512 Artifex
947 2462 1002 2516 est
1013 2459 1079 2517 etiat

118 2533 166 2591 cui
178 2532 217 2591 ad
230 2530 433 2590 exercendam
445 2537 539 2588 artem
552 2531 751 2591 instrumenta
763 2549 824 2592 non
837 2546 1029 2609 suppetunt.
1047 2556 1079 2600 ne

117 2618 216 2675 minus
243 2615 372 2675 canendi
395 2613 526 2689 peritus,
556 2615 643 2674 cuius
664 2631 773 2675 vocem
793 2618 938 2680 exaudiri
960 2623 1079 2685 fremitu

118 2701 357 2773 obstrepentium
372 2716 433 2758 non
449 2697 529 2757 sinit.
564 2699 645 2758 Volo
659 2700 775 2759 referre
785 2700 932 2773 gratiam=
956 2708 1078 2780 posthc

117 2782 233 2855 aliquid
248 2789 390 2856 superest
405 2782 490 2853 milri,
514 2798 576 2841 non
590 2789 623 2841 ut
637 2790 757 2856 gratus,
781 2785 838 2843 sed
849 2793 882 2844 ut
893 2789 1025 2852 solutus
1037 2793 1079 2852 sin

116 2881 212 2949 saepe
224 2865 303 2923 enim
319 2874 348 2924 et
364 2867 415 2939 qui
431 2864 557 2940 gratiam
571 2867 687 2935 retulit,
703 2868 839 2941 ingratus
856 2876 953 2932 estet
971 2879 1029 2951 qui
1043 2889 1079 2934 not

116 2950 225 3019 retulit,
239 2955 353 3021 gratus.
374 2966 443 3007 nam
455 2958 488 3009 ut
500 2950 632 3008 omnium
647 2949 772 3009 aliarum
784 2951 940 3026 virtutum,
954 2956 1001 3019 ita
1013 2958 1079 3020 huiu

117 3033 157 3092 ad
178 3033 310 3091 animum
331 3039 395 3090 tola
416 3033 585 3094 aestimatio
606 3034 776 3094 redit==hie
801 3035 827 3093 si
852 3036 882 3095 in
907 3039 1023 3104 oiflcio
1048 3050 1079 3102 ed

87 3116 263 3190 lquicquid
285 3115 394 3187 deluit,
417 3117 538 3175 fortuna
560 3124 676 3191 peccat.
716 3118 876 3190 Quomodo
896 3130 949 3185 ost
963 3126 1079 3187 diserta

117 3203 204 3260 etiam
229 3199 280 3273 qui
300 3205 394 3270 tacet,
421 3200 508 3258 sortis
523 3201 611 3260 etiam
627 3200 679 3276 qui
695 3203 874 3275 conpressis
887 3208 1040 3272 manibus
1055 3223 1079 3268 vt

117 3284 207 3343 etiam
228 3282 384 3357 adligatis,
410 3284 566 3356 quomodo
582 3284 767 3357 gubernator
784 3286 873 3346 etiam
889 3290 945 3365 qul
965 3290 1000 3353 in
1019 3293 1079 3355 sico

117 3373 178 3439 est,
209 3367 281 3440 quia
304 3373 534 3426 consummatae
562 3368 708 3429 scientiae
738 3368 812 3427 nillil
838 3370 945 3449 deest,
983 3379 1079 3438 ettam

116 3450 191 3525 quid
207 3450 317 3525 obstat,
334 3466 396 3524 quo
413 3450 512 3509 minus
526 3465 560 3508 se
573 3457 687 3511 utatur=
702 3453 743 3512 ita
757 3460 861 3526 gratus
876 3465 928 3516 est
941 3460 1040 3521 etiam
1052 3475 1079 3535 qn
