2364 3840
152 183 216 247 230
441 183 475 240 L.
496 182 643 240 Ah'NAEI
665 179 842 241 SENECAE

152 335 284 394 maxime
298 332 328 392 in
342 332 501 392 humorem
515 331 668 391 mutabilis
683 332 722 391 sit
735 337 831 405 terra,
851 339 904 392 aut
915 330 991 407 qula
1000 333 1129 395 maiores

154 420 183 477 in
205 426 322 477 remoto
346 417 457 475 imbres
480 417 553 489 sint,
577 430 706 490 quorum
729 431 810 489 aqua
825 430 880 490 per
893 423 1035 477 secretos
1050 419 1129 478 cuni-

123 504 239 565 eculos
267 501 385 560 reddita
409 501 499 558 tacite
519 500 706 560 adfunditur.
742 499 843 558 tertia:
872 500 900 558 si
925 500 1130 562 crebrioribus

153 587 252 646 ventis
276 585 386 646 ostium
407 584 543 644 caeditur
564 591 594 643 et
610 584 823 643 reverberatur
838 581 949 655 lluctu,
971 585 1073 645 amnis
1086 601 1130 643 re-

153 671 248 744 sistit,
271 669 322 744 qui
344 682 484 727 crescere
504 667 634 740 videtur,
658 667 806 741 quianon
826 666 1002 727 effunditur.
1026 675 1131 743 quarta

153 755 288 814 siderum
303 753 378 811 ratio
394 759 457 810 est:
481 750 557 809 haec
572 752 652 809 enirn
665 750 849 826 quibusdam
860 751 1022 811 mensibus
1035 752 1129 827 magis

153 845 261 912 urgent
281 844 311 896 el
331 834 515 893 exhauriunt
535 832 671 894 flumina.
699 848 769 894 cum
789 833 911 909 lougius
924 844 1129 909 recesserunt,

153 924 253 980 minus
275 924 457 978 consumunt
478 924 570 992 atque
590 918 721 979 trahunt.
755 919 857 993 itaque
879 917 966 993 quod
987 919 1128 995 inpendio

124 1005 287 1076 molebat,
311 1003 365 1075 [id]
387 1001 573 1061 incremento
591 1000 719 1062 accedit.
757 1001 950 1076 Quaedam
973 1003 1128 1064 flumina

153 1089 277 1164 palam
306 1088 340 1145 in
370 1087 540 1160 aliquem
567 1101 725 1160 specum
753 1086 940 1146 decidunt
968 1094 1000 1147 el
1025 1088 1071 1146 sic
1094 1102 1129 1146 ex

154 1172 252 1233 oculis
268 1172 460 1243 auferuntur,
484 1170 670 1244 quaedam
695 1176 976 1231 consumuntur
997 1172 1127 1246 paula·

154 1258 217 1315 tim
246 1263 275 1314 et
296 1253 488 1314 intercidunt.
522 1253 654 1312 eadem
683 1267 728 1311 ex
761 1253 973 1313 intervallo
1000 1269 1127 1314 rever·

153 1349 192 1399 tu
202 1356 219 1397 n
229 1346 287 1399 tur
306 1336 519 1412 recipiuntque
535 1344 564 1395 et
579 1352 690 1396 nomen
706 1344 736 1396 et
750 1352 884 1396 cursum.
921 1335 1025 1397 Causa
1040 1338 1127 1398 mani-

155 1425 233 1482 lestu
247 1430 308 1481 est:
331 1422 389 1480 sub
406 1428 487 1479 terra
501 1428 591 1479 vacat
604 1423 701 1480 locus.
724 1421 822 1481 omnis
838 1426 939 1480 autern
955 1422 1066 1481 nalurb
1078 1421 1127 1481 hu·

153 1522 220 1565 mor
241 1506 280 1564 ad
303 1504 480 1575 inferius‘et
494 1503 533 1561 ad
547 1504 636 1563 inane
652 1504 794 1564 defertur.
824 1503 875 1563 illo
890 1502 996 1579 itaque
1008 1512 1129 1580 recepta

153 1589 278 1650 flumina
300 1604 417 1647 cursus·
431 1602 523 1660 egere
544 1596 678 1659 secreto,
703 1589 760 1648 sed
781 1603 848 1647 cum
870 1586 1002 1663 primum
1018 1588 1128 1665 aliquid

154 1673 258 1743 solidi,
289 1671 374 1745 quod
396 1671 546 1743 obstaret,
575 1669 722 1745 occurrit,
750 1679 897 1746 perrupta
921 1679 1025 1745 parte,
1054 1686 1127 1748 quae

153 1757 253 1816 minus
272 1756 310 1814 ad
326 1755 439 1815 exilum
454 1756 662 1829 repugnabat,
684 1755 834 1830 repetiere
850 1771 975 1816 cursum
990 1772 1090 1817 suum.

123 1849 141 1903 l
235 1841 287 1901 Sic
300 1841 352 1900 ubi
363 1846 481 1901 terreno
494 1839 592 1916 Luem
606 1846 650 1900 est
658 1845 778 1914 potatus
791 1840 884 1911 biatu,

237 1928 353 1986 exsistit
362 1927 471 2000 procul
483 1925 553 1985 binc
567 1927 683 1997 alioque
695 1926 863 1983 renascitur
876 1939 937 1983 ore.

238 2010 288 2070 Sic
302 2010 388 2068 modo
401 2010 579 2081 combibitur,
601 2010 689 2067 tauto
702 2008 787 2066 modo
798 2009 917 2080 purplte
928 2009 1037 2083 lupera

237 2093 376 2152 redditur
389 2093 535 2162 brolios
549 2094 653 2163 inpone
666 2091 813 2150 Erasinus
826 2092 858 2148 r'rt
871 2091 971 2150 undis.

152 2175 237 2234 ldem
252 2179 283 2232 et
298 2174 327 2231 in
344 2172 465 2230 Oriente
479 2173 576 2245 Tigris
592 2174 676 2232 iacit:
698 2172 881 2233 absorbetur
894 2180 925 2233 el
936 2174 1127 2235 desideratus
1145 2189 1150 2199 ·

153 2258 206 2315 diu
228 2254 348 2313 tandem
370 2269 387 2309 e
410 2253 500 2327 longe
520 2262 636 2314 remoto
660 2257 745 2330 loco,
769 2263 948 2319 nontamen
964 2257 1128 2320 dubiusan

123 2339 233 2403 sidem
252 2337 304 2407 sit,
328 2337 462 2410 emergit.
500 2336 628 2409 Quidam
648 2340 749 2401 lantes
767 2349 850 2402 certo
864 2349 1005 2416 tempore
1020 2356 1127 2418 purga·

152 2429 254 2480 menta
271 2420 416 2490 eiectant,
436 2428 468 2479 ut
482 2420 635 2481 Arethusa
653 2424 681 2482 in
698 2423 801 2485 Sicilia
817 2425 922 2500 quinta
940 2442 1066 2502 quaque
1080 2439 1127 2484 ue·

153 2511 230 2564 state
253 2519 307 2577 per
331 2500 481 2579 Olympia.
509 2505 580 2564 inde
601 2506 705 2580 opinio
726 2517 774 2569 est
792 2508 936 2584 Alpheon
953 2524 994 2569 ex
1014 2507 1128 2570 Achaia

152 2603 190 2646 eo
212 2603 311 2663 usque
332 2595 493 2662 penetrare
516 2595 545 2647 et
565 2604 656 2663 agere
677 2591 735 2651 sub
750 2607 833 2651 mare
850 2607 973 2652 cursum
990 2606 1049 2653 nec
1063 2598 1128 2651 ante

37 2741 41 2748 ¹
153 2687 243 2745 quam
259 2671 289 2731 in
302 2670 500 2749 Syracusano
512 2672 600 2733 litore
612 2689 782 2748 emergere=
805 2673 1002 2750 ideoquehis
1013 2675 1127 2745 diebus

153 2755 264 2830 quibus
288 2754 429 2833 Olympia
450 2764 536 2826 sunt,
561 2755 747 2817 victimarum
769 2765 889 2818 stercus
914 2759 1054 2820 secundo
1072 2765 1127 2818 tra·

124 2839 248 2907 editum
264 2838 379 2898 llumini
394 2840 455 2899 illio
471 2842 652 2901 redundare.
684 2843 751 2901 Hoc
766 2848 827 2901 eta
843 2848 873 2902 te
887 2842 1033 2903 traditum
1042 2845 1129 2902 estut

79 2926 87 2933 ·
152 2923 182 2981 in
198 2932 345 2997 poemate,
365 2924 460 2983 Lucili
476 2925 647 2998 carissime,
671 2934 700 2985 et
714 2942 733 2984 a
746 2924 900 2999 Vergilio,
923 2925 976 3001 qui
992 2924 1127 3000 adloqui-

152 3014 200 3065 tur
214 3006 415 3068 Arethusam:

277 3091 328 3150 Sr'e
342 3091 395 3150 tr'br‘
400 3136 406 3162 ‚
427 3107 494 3151 cum
505 3094 615 3165 fluctus
626 3093 726 3152 subter
739 3093 840 3154 labere
853 3093 991 3174 suanoq

275 3175 364 3234 Doris
378 3190 486 3233 amaru
501 3192 571 3234 suus
586 3191 644 3235 uon
659 3179 856 3237 intermisceat
867 3174 977 3239 undas.

151 3256 206 3317 Est
227 3258 257 3317 in
279 3257 471 3318 Chersoneso
492 3258 682 3319 Rhodiorum
703 3260 789 3331 lons,
819 3261 871 3335 qui
895 3269 967 3335 post
987 3274 1124 3336 magnum

153 3341 342 3401 intervallum
357 3340 501 3415 temporis
517 3342 608 3401 laeda
624 3342 774 3415 quaedam
786 3342 958 3405 turbinibus
971 3360 1012 3405 ex
1026 3343 1123 3404 intima

121 3425 271 3501 blundel,
295 3426 394 3485 donec
415 3423 560 3484 liberatus
584 3426 798 3500 eliquatusque
820 3434 877 3487 est.
896 3446 900 3455 ·
918 3428 987 3489 Hoc
1004 3429 1122 3505 quibus·
