2346 3832
247 87 297 144 DE
318 86 530 146 BENEFlCllS
553 87 625 146 LIB.
640 87 705 145 Vll.
727 96 858 149 23-26.
981 87 1041 151 151

64 247 118 298 aut
140 237 232 295 libeat
252 243 303 296 aut
324 238 415 297 iuvet.
453 237 533 299 Satis
558 240 742 313 abundeque
764 247 810 297 est
833 239 995 298 submissis
1012 247 1041 300 ct

65 320 264 380 familiaribus
281 320 386 379 verbis
398 323 573 380 memoriam
588 337 749 381 revocare:

148 407 176 464 st
187 405 347 477 bertedeld
359 405 397 463 de
411 410 438 464 tc
451 409 559 477 merul,
579 405 642 478 full
655 412 709 465 aul
721 407 772 464 libi
785 409 942 479 quicquam

149 488 353 552 dulcemeum.

63 571 112 628 ille
128 570 257 629 invicem
274 569 368 628 dicat:
392 571 497 645 quidni
512 572 679 630 merueris?
700 573 828 631 eiectum
844 573 931 630 litore
947 586 1037 644 egen-

62 661 123 712 tem
138 652 298 726 excepisti.
736 692 739 697 -

124 736 231 794 XXVI.
266 735 347 809 „Sed
372 736 457 809 nihil,
488 738 600 811 inquil,
631 737 828 811 proficimus:
857 739 1065 805 dissimulati

61 819 176 880 oblitus
191 827 246 879 est.
276 819 349 893 quid
366 820 466 879 facere
481 821 654 880 debeam‘f“
683 820 844 893 Quaeris
867 839 942 882 rem
963 836 1034 879 ma-

62 904 160 962 xime
191 902 456 962 nccessariam
484 911 519 963 et
546 905 580 960 in
610 919 683 977 qua
710 903 802 963 hauc
837 906 1035 965 materiam

62 986 463 1060 consummaridecet,
488 987 803 1061 quemadmodum
821 988 1035 1061 ingratife·

60 1071 173 1129 rendi
194 1069 280 1129 sint.
316 1069 438 1130 Placido
461 1071 576 1143 animo,
596 1076 770 1141 mansueto,
790 1086 910 1143 magno.
945 1073 1065 1130 Num-2

62 1170 154 1228 quam
169 1160 199 1212 te
214 1158 274 1211 lam
293 1153 475 1214 inhumanus
490 1161 520 1213 et
534 1155 680 1213 inmemor
695 1160 725 1212 et
739 1153 874 1227 ingratus
890 1153 1034 1225 offendat,

62 1246 173 1297 utnon
195 1244 295 1296 tamen
319 1237 444 1297 dedisse
466 1238 603 1297 delectet.
633 1252 796 1310 numquam
818 1238 847 1294 in
869 1237 924 1294 lias
940 1237 1060 1295 voces‘

62 1321 170 1381 iniuria
191 1320 335 1394 inpellat:
365 1321 472 1380 vellem
499 1336 560 1379 non
587 1321 708 1380 fecisse.
746 1320 891 1378 Beneficii
916 1318 957 1378 tui
982 1317 1034 1378 tibi

63 1406 150 1464 ctiam
173 1404 333 1463 infelicitas
356 1406 483 1479 placeat.
520 1420 642 1479 semper
662 1404 744 1463 illum
762 1403 941 1478 poenitebit,
965 1403 991 1460 si
1005 1409 1035 1461 tc

62 1504 98 1546 ne
112 1503 196 1547 nunc
211 1487 333 1561 quidem
350 1489 493 1561 poenitet.
522 1489 587 1548 Non
604 1495 652 1547 est
666 1489 750 1562 quod
761 1487 944 1561 indigneris,
960 1494 1034 1547 tam-

64 1588 152 1646 quam
176 1571 290 1644 aliquid
312 1572 383 1630 noui
405 1572 568 1631 acciderit:
597 1572 692 1644 magis
714 1572 815 1630 mirari
837 1571 983 1643 deberes,
1007 1569 1033 1629 si

63 1671 120 1714 non
144 1654 319 1714 accidisset.
363 1655 464 1714 Alium
485 1654 591 1726 labor,
621 1655 710 1712 alium
737 1656 867 1728 inpensa
892 1656 1065 1725 deterret,3

63 1738 150 1798 alium
175 1737 351 1811 periculum.
383 1739 473 1799 alium
489 1737 586 1812 turpis
601 1736 800 1810 verecundia,
823 1753 862 1795 ne
879 1738 949 1796 dunt
965 1738 1032 1795 red-

46 1823 103 1881 'dit
123 1824 253 1880 fateatur
274 1819 442 1895 accepisse.
466 1823 555 1880 alium
571 1821 740 1896 ignorantia
755 1819 861 1891 oflicii,
883 1820 973 1878 alium
990 1820 1033 1892 pi·
1110 1884 1114 1894 ι

62 1905 160 1978 gritia,
178 1905 269 1962 alium
281 1905 452 1978 occupatio.
482 1905 634 1978 Adspice,
651 1902 906 1976 quemadmodum
920 1902 1033 1960 inmen-

62 2004 113 2047 sae
134 1987 290 2048 hominum
313 1989 493 2063 cupiditates
514 1983 598 2047 hient
618 2003 739 2061 semper
760 1996 790 2046 et
805 1992 949 2060 poscant:
972 2001 1032 2044 non

62 2071 220 2130 mirabcris
241 2070 281 2129 ibi
303 2072 452 2130 neminem
472 2071 616 2142 reddere,
640 2071 691 2131 ubi
710 2086 798 2129 nemo
814 2069 889 2129 satis
904 2069 1032 2143 accepit.

62 2155 132 2228 Quis
155 2162 204 2214 est
223 2155 349 2215 istorum
371 2161 431 2214 tam
452 2155 557 2214 firmae
578 2153 687 2214 mentis
711 2171 747 2214 ac
766 2153 898 2226 solidae,
921 2165 955 2213 ut
968 2158 1065 2213 tutof

61 2239 142 2313 apud
158 2253 226 2297 eum
238 2237 388 2298 beneficia
399 2238 560 2313 deponas?
587 2238 672 2298 Alius
686 2237 808 2297 libidine
820 2237 939 2308 insanit,
955 2237 1032 2296 alius

61 2322 214 2382 abdomini
236 2323 342 2394 servit,
371 2322 447 2381 alius
471 2322 545 2380 lucri
570 2328 651 2381 totus
673 2328 732 2393 est,
761 2321 846 2380 cuius
875 2334 1031 2391 summam,

60 2422 118 2465 non
135 2405 201 2464 vias
217 2411 344 2478 spectat.
370 2406 447 2463 alius
462 2405 575 2463 invidia
590 2405 722 2477 laborat,
745 2404 821 2463 alius
835 2417 927 2460 caeca
938 2401 1031 2460 ambi-

60 2489 139 2547 tione
160 2486 240 2547 etin
262 2487 380 2562 gladios
402 2488 549 2548 inruente.
586 2489 684 2561 Adice
701 2493 855 2560 torporem
871 2484 979 2542 mentis
996 2498 1033 2541 ac

61 2573 178 2631 senium
193 2577 224 2630 et
237 2573 387 2631 contraria
405 2571 474 2632 huic
489 2572 614 2645 inquieti
631 2570 763 2646 pectoris
779 2567 971 2642 agitationem
988 2573 1032 2626 lu·-

60 2657 233 2729 multusque
249 2662 424 2729 perpetuos.
450 2655 537 2714 adice
552 2654 790 2714 aestimationem
805 2651 852 2711 sui
867 2649 988 2709 nimiam
1003 2655 1033 2709 ct

60 2746 207 2798 tumorem
231 2739 270 2798 ob
294 2755 373 2812 quae
394 2738 633 2800 contemnendus
655 2744 703 2796 est
727 2737 916 2796 insolentem.
954 2734 1033 2807 Quid

60 2822 280 2882 contumaciam
294 2821 324 2879 in
340 2838 487 2896 perversa
503 2820 674 2892 nitentium,
698 2820 770 2895 quid
786 2819 937 2879 levitatem
953 2833 1031 2878 scm·

60 2920 112 2978 per
127 2907 232 2980 aliquo
248 2904 482 2965 transsilicntem
498 2906 629 2978 loquar?
658 2904 725 2963 Huc
737 2903 864 2963 accedat
878 2903 1031 2961 temeritas
1048 2907 1065 2959 5

60 3003 210 3063 praeceps
232 2996 262 3048 et
281 3004 445 3064 numquam
468 2989 558 3048 fidele
579 2988 738 3047 consilium
753 2989 880 3046 daturus
902 2986 989 3044 timor
1003 2990 1033 3043 ct

59 3074 125 3132 mile
147 3087 270 3133 errores
292 3072 403 3146 quibus
424 3072 588 3130 volvimur:
606 3071 740 3130 ’audacia
760 3070 1030 3140 timidissimorum,

60 3155 214 3217 discordia
235 3155 537 3215 familiarissimorum
552 3162 582 3214 et
595 3153 749 3229 publicum
763 3153 875 3212 malum
893 3150 1031 3210 incertis-

59 3239 140 3299 simis
152 3239 259 3312 lidere,
276 3239 412 3299 fastidire
423 3253 582 3312 possessa,
597 3253 677 3312 quae
689 3236 838 3310 consequi
850 3248 945 3308 posse
957 3245 1031 3304 spes

59 3336 116 3383 non
134 3323 199 3382 fuit.
234 3322 463 3382 luteradfcctus
475 3320 715 3395 inquietissimos
728 3334 791 3378 rem
803 3314 1033 3392 quietissimam,

59 3404 162 3479 idern,
187 3406 332 3480 quaeris?
