2364 3840
119 171 181 235 136
406 170 439 233 L.
461 170 605 228 ANNAEI
629 169 804 230 SENECAE

118 325 322 385 membrorum
337 323 469 399 turpium
485 329 537 382 aut
551 322 653 381 vilium
668 319 834 383 ministerio
850 319 994 396 veniens,
1016 326 1091 386 exitu

89 410 220 470 3loeda.
256 408 310 466 Illa
332 415 379 467 est
401 408 541 480 voluptas
556 415 586 466 et
606 405 727 465 homine
742 413 772 465 et
786 403 853 465 viro
868 405 962 481 digna
977 424 1039 467 non
1053 410 1090 467 in·

119 494 203 566 plere
224 507 337 565 corpus
359 506 416 548 nec
435 491 576 564 saginare
591 505 649 548 nec
664 489 846 562 cupiditates
861 490 1000 564 inritare,
1023 507 1089 565 qua·

117 592 184 636 rum
205 574 356 634 tutissima
376 580 424 634 est
445 574 547 646 quies,
568 573 623 632 sed
643 571 869 646 perturbatione
883 589 994 633 carere
1008 582 1038 634 et
1050 590 1090 647 ea,

119 674 211 733 quam
226 658 381 717 bominum
396 657 473 715 inter
489 672 523 714 se
537 656 698 715 rixantium
713 655 843 716 ambitus
859 658 996 718 concutit
1010 666 1090 730 elea,

120 757 199 817 quae
220 738 418 800 intolerabilis
441 754 479 796 ex
501 739 560 797 alto
584 740 679 812 venit,
708 738 760 799 ubi
780 739 819 798 de
840 740 889 799 dis
912 741 1013 800 lamae
1032 756 1091 801 cre-

90 826 214 885 aditum
230 831 278 883 est
292 823 433 896 vitiisque
450 823 518 881 illos
536 823 649 882 nostris
664 821 903 887 aestimavimus.
939 825 1026 884 Hanc
1043 839 1090 882 vo·

120 910 263 979 luptatem
279 906 454 979 aequalem,
477 905 673 980 intrepidam,
696 922 861 981 numquam
875 923 1037 969 sensuram
1048 905 1090 966 sui

8 1032 18 1047 .
119 990 251 1049 taedium
267 987 396 1062 percipit
410 990 474 1061 hic,
499 1005 588 1063 quem
604 990 825 1059 deformamus,
850 1006 942 1064 quarn
956 992 1090 1062 maxime,

119 1082 152 1132 ut
166 1073 206 1131 ita
221 1073 336 1145 dicam,
359 1073 452 1131 divini
467 1073 541 1133 iuris
556 1081 647 1148 atque
661 1072 784 1132 humani
801 1073 924 1147 peritus.
948 1073 998 1134 bic
1009 1088 1090 1149 prae

120 1155 258 1216 sentibus
279 1157 407 1233 gaudet,
431 1173 470 1216 ex
492 1159 592 1217 laturo
609 1173 669 1216 non
685 1156 813 1230 pendet=
837 1157 910 1215 nihil
925 1159 1005 1217 enim
1019 1157 1090 1217 firmi

119 1240 225 1311 habet,
243 1241 293 1313 qui
308 1241 337 1298 in
353 1239 468 1300 incerta
483 1242 657 1315 prop'ensus
671 1248 727 1299 est.
761 1239 881 1314 Magnis
895 1241 1000 1316 itaque
1015 1241 1089 1301 curis

120 1331 281 1398 exemptus
296 1333 326 1383 et
341 1324 603 1399 distorquentibus
624 1331 752 1383 mentem
767 1322 842 1382 nihil
856 1332 964 1399 sperat
977 1333 1029 1385 aut
1045 1340 1089 1383 cu-

91 1407 164 1482 5pit
186 1423 244 1468 nec
269 1423 303 1466 sc
324 1407 411 1467 mittit
431 1409 461 1466 in
482 1407 607 1467 dubium
628 1423 684 1467 suo
711 1413 882 1468 contentus.
925 1408 991 1468 Nec
1014 1408 1090 1467 illum

120 1492 275 1552 existimes
298 1507 394 1564 parvo
416 1506 487 1551 esse
503 1498 692 1551 contentum:
715 1491 816 1551 omnia
830 1489 912 1551 illius
928 1498 1015 1565 sunt,
1035 1506 1090 1550 uon

120 1573 165 1634 sic
182 1573 437 1648 quemadmodum
452 1575 618 1633 Alexandri
634 1576 762 1635 luerunt.
785 1574 848 1647 cui,
865 1590 1052 1649 quamquam
1065 1575 1091 1633 in

120 1659 206 1717 litore
216 1656 299 1716 rubri
311 1657 403 1717 maris
416 1664 554 1730 steterat,
571 1659 640 1732 plus
653 1659 766 1731 deerat,
784 1673 875 1733 quam
887 1674 949 1732 qua
960 1665 1089 1721 venerat.

118 1740 198 1799 illius
215 1753 253 1797 ne
268 1755 306 1799 ea
321 1741 443 1814 quidem
459 1750 559 1812 erant,
583 1757 662 1814 quae
678 1742 800 1801 tenebat
814 1747 867 1800 aut
879 1741 1012 1815 vicerat,
1029 1757 1090 1803 cum

119 1822 149 1883 in
171 1838 288 1884 oceano
311 1823 498 1884 Onesicritus
522 1826 707 1900 praemissus
729 1826 907 1898 explorator
927 1832 1047 1885 erraret
1059 1830 1092 1883 et

90 1908 199 1978 abella
214 1908 242 1966 in
260 1908 361 1982 ignoto
377 1909 452 1968 mari
469 1916 638 1984 quaereret.
673 1908 739 1968 Non
757 1909 831 1967 satis
847 1908 1019 1983 adparebat
1033 1909 1090 1967 ino·

120 2009 189 2067 pem
212 2008 298 2066 esse,
323 1993 373 2066 qui
395 2000 481 2052 extra
503 2002 628 2053 naturae
649 1993 794 2051 terminos
816 2007 901 2051 arma
925 1993 1091 2067 proferret?

120 2077 172 2150 qui
188 2093 222 2135 se
238 2077 268 2135 in
284 2075 467 2150 protundum
482 2076 704 2149 inexploratum
720 2082 751 2135 et
765 2075 936 2134 inmensum
951 2075 1091 2135 aviditate

119 2174 211 2216 caeca
233 2174 361 2231 prorsus
384 2157 566 2216 inmitteret?
601 2159 678 2231 Quid
700 2159 838 2230 interest,
862 2165 938 2232 quot
952 2157 1091 2234 cripuerit

118 2256 229 2312 regna,
252 2246 326 2313 quot
347 2239 480 2312 dederit,
504 2249 647 2314 quantum
670 2249 816 2300 terrarum
830 2240 942 2302 tributo
958 2246 1091 2318 premat?

120 2329 234 2380 tantum
248 2322 289 2381 illi
305 2323 405 2396 deest,
430 2331 575 2396 quantum
590 2324 682 2398 cupit.

90 2412 105 2464 l
179 2404 228 2463 ΙΙΙ.
257 2406 319 2465 Nec
339 2406 505 2466 Alexandri
528 2415 640 2467 tantum
660 2409 763 2468 vitium
778 2409 847 2481 luit,
869 2425 961 2482 quem
979 2424 1035 2483 per
1048 2407 1089 2466 Li-

118 2490 182 2549 beri
194 2491 396 2565 Herculisque
409 2489 536 2565 vestigia
548 2492 619 2550 felix
632 2492 784 2552 temeritas
796 2493 867 2566 egit,
883 2492 939 2551 sed
952 2492 1089 2562 omnium,

119 2591 198 2648 quos
221 2575 341 2637 fortuna
362 2574 492 2634 inritavit
512 2573 666 2649 inplendo.
704 2575 815 2653 Cyrum
835 2583 864 2634 et
878 2574 1053 2653 Cambysen
1066 2580 1091 2632 et

118 2665 213 2717 totum
227 2660 313 2733 regni
324 2659 438 2719 Persici
452 2667 579 2719 stemma
592 2674 755 2732 percense:
780 2675 870 2732 quem
881 2659 1033 2733 invenies
1048 2656 1090 2717 cui

117 2742 241 2800 modum
263 2743 382 2817 imperii
406 2744 530 2802 satietas
547 2743 672 2802 lecerit?
695 2743 746 2817 qni
761 2741 931 2807 nonvitam
947 2741 978 2801 in
993 2742 1090 2817 aliqua

118 2825 243 2883 ulterius
266 2827 454 2899 procedendi
478 2827 660 2900 cogitatione
681 2826 812 2885 finierit?
847 2840 905 2885 nec
930 2825 963 2885 id
987 2826 1090 2885 mirum

118 2914 180 2966 est:
213 2908 357 2983 quicquid
385 2909 542 2985 cupiditati
568 2908 727 2984 contingit,
758 2910 878 2984 penitus
904 2909 1043 2970 hauritur
1065 2914 1091 2968 et

118 2991 273 3062 conditur,
303 3008 360 3051 nec
381 2994 523 3066 interest,
554 3003 698 3068 quantum
720 3009 771 3065 eo,
801 2992 885 3068 quod
911 2992 1091 3068 inexplebile

83 3080 177 3146 aest,
198 3090 357 3148 congeras.
391 3078 477 3138 Unus
494 3085 541 3138 est
555 3079 694 3152 sapienS,
717 3077 803 3136 cuius
820 3076 922 3136 omnia
936 3084 1024 3150 sunt,
1038 3089 1091 3135 nec

116 3174 156 3218 ex
173 3159 288 3217 difficili
304 3162 426 3219 tuenda.
449 3177 510 3221 non
526 3161 618 3220 habet
632 3160 796 3221 mittendos
812 3168 894 3220 nans
906 3159 1004 3220 muria
1015 3161 1091 3233 lega·

115 3249 164 3302 tos
185 3257 242 3301 nec
263 3244 404 3302 metanda
424 3244 453 3303 in
474 3244 550 3318 ripis
573 3245 734 3305 hostilibus
755 3250 871 3315 castra,
902 3259 965 3303 non
981 3256 1090 3318 oppor·

115 3325 198 3385 tunis
215 3326 347 3385 castellis
364 3326 558 3400 disponenda
570 3325 732 3402 praesidia.
749 3343 809 3387 non
822 3343 902 3400 opus
915 3334 963 3387 est
974 3327 1092 3400 legione

115 3424 173 3468 nec
197 3410 391 3484 equestribus
418 3410 532 3469 turmis.
577 3410 838 3484 Quemadmodum
863 3409 895 3468 di
918 3408 1093 3471 inmortales

114 3507 242 3567 regnum
265 3493 396 3554 inermes
416 3502 526 3568 regunt
546 3499 576 3553 et
596 3493 654 3552 illis
675 3509 777 3553 rerum
798 3508 922 3553 suarum
949 3508 988 3553 ex
1015 3493 1093 3553 edito
