2364 3840
313 192 365 252 DE
385 191 599 253 BENEFICIIS
620 193 692 254 LIB.
708 194 747 253 V.
768 201 867 258 3-6·
1032 195 1076 260 89

97 347 153 413 ruit
174 345 277 407 omnia
296 353 369 405 tunc
393 345 573 421 possidente
587 345 785 406 Alexandro:
808 348 879 420 plus
901 347 982 406 enim
1003 357 1077 424 erat,

96 430 181 503 quod
196 429 245 488 hic
259 431 353 490 nollet
367 429 510 503 accipere
526 445 616 502 quam
634 430 717 503 quod
732 431 782 488 ille
797 437 906 504 posset
923 431 1007 489 dare.

155 515 194 572 V.
217 514 283 573 Non
300 521 348 573 est
362 521 451 587 turpe
466 512 504 570 ab
515 512 563 573 his
578 511 675 572 vinei:
694 515 889 588 nequeenim
900 513 1000 573 minus
1016 516 1074 575 lor·
1093 533 1107 585 l

95 596 134 658 tis
157 614 245 670 sum,
268 597 384 657 sicum
406 596 618 656 involuerabili
642 612 691 656 me
711 596 801 656 hoste
816 597 997 668 committis,
1020 614 1077 656 nec

93 680 166 741 ideo
184 681 263 754 ignis
283 680 383 741 minus
405 696 495 740 urere
516 686 632 754 potest,
657 681 683 739 si
698 680 729 739 in
743 682 899 740 materiam
914 681 1019 740 incidit
1032 680 1077 740 in-

93 764 270 827 violabilem
294 763 446 838 flammis,
472 779 529 823 uec
550 764 621 823 ideo
643 765 755 823 terrum
777 765 904 824 secandi
924 765 986 822 vim
1007 781 1069 840 per·

94 848 185 920 didit,
209 848 235 907 si
255 864 317 908 nou
337 848 491 922 recipiens
513 851 604 909 ictum
626 848 705 922 lapis
720 848 855 921 solidus,
877 849 1009 908 invictae
1023 849 1076 908 ad-

92 947 205 991 versus
223 932 300 991 dura
320 938 461 1004 naturae,
484 932 667 991 dividendus
692 939 747 991 est.
780 933 864 991 ldem
885 932 939 992 tibi
962 934 1001 991 de
1022 933 1076 992 ho-

91 1016 174 1076 mine
190 1021 276 1090 grato
291 1016 482 1089 respondeo:
504 1032 565 1076 non
580 1014 707 1089 turpiter
720 1016 850 1075 vincitur
864 1015 1032 1090 beneficiis,
1050 1018 1076 1077 si

93 1099 132 1160 ab
153 1099 202 1158 his
218 1099 369 1173 obligatus
385 1107 445 1171 est,
461 1100 501 1157 ad
517 1115 596 1172 quos
612 1104 665 1158 aut
679 1100 818 1158 fortunae
832 1101 1008 1173 magnitudo
1024 1108 1076 1159 aut

92 1183 208 1242 eximia
221 1186 317 1243 virtus
334 1184 448 1242 aditum
462 1183 608 1242 redituris
625 1182 664 1240 ad
682 1197 716 1240 se
731 1181 889 1241 beneficiis
906 1185 1004 1244 clusit.
1048 1186 1104 1245 Aa

92 1266 274 1341 parentibus
299 1267 364 1326 iere
384 1267 541 1325 vincimur.
582 1281 652 1325 nam
668 1273 728 1325 tam
744 1265 796 1325 diu
810 1263 879 1326 ilios
895 1267 967 1325 odio
983 1267 1075 1325 habe·

89 1366 162 1408 mus
186 1366 285 1424 quam·
303 1351 355 1409 diu
376 1366 486 1432 graves
508 1350 678 1409 iudicamus
701 1357 731 1408 et
751 1365 842 1424 quam
858 1351 910 1409 diu
924 1347 1077 1408 beneficia

90 1434 214 1494 illorum
239 1450 299 1492 non
325 1434 537 1508 intellegimus.
572 1449 638 1493 eum
668 1434 728 1491 iam
753 1440 837 1492 aetas
863 1433 978 1507 aliquid
1005 1449 1074 1507 pru-

90 1517 215 1576 dentiae
236 1519 357 1591 collegit
378 1525 407 1576 et
427 1517 577 1591 adparere
598 1516 699 1590 coepit
722 1520 849 1590 propter
865 1516 917 1575 illa
937 1517 1006 1591 ipsa
1020 1532 1074 1575 eos

91 1598 190 1660 amari
204 1616 222 1658 a
237 1601 327 1660 nobis
346 1602 474 1673 debere,
495 1608 621 1674 propter
637 1616 717 1675 quae
732 1617 794 1660 non
808 1601 1005 1673 amabantur,
1021 1601 1074 1659 ad-

80 1682 292 1754 monitiones,
320 1685 511 1743 severitatem
534 1693 563 1742 et
584 1684 774 1743 inconsultae
790 1684 1017 1745 adulescentiae
1031 1685 1076 1743 di-

89 1767 237 1842 ligentem
259 1768 449 1839 custodiam,
472 1767 631 1841 rapiuntur
652 1767 752 1826 nobis.
787 1784 904 1841 paucos
919 1785 1020 1843 usque
1035 1769 1075 1826 ad

90 1866 201 1908 verum
228 1853 359 1910 lructum
383 1869 402 1910 a
430 1851 533 1909 liberis
561 1850 791 1925 percipiendum
814 1852 958 1924 perduxit
980 1861 1074 1922 aetas,

92 1933 188 1992 ceteri
210 1933 291 1994 illios
307 1950 404 1995 onere*
417 1940 590 1993 senserunt.
623 1934 690 1992 Non
713 1941 761 1992 est
776 1940 876 1991 tamen
891 1941 981 2008 turpe
994 1935 1101 1997 vincis

90 2016 251 2077 beneficiis
270 2034 288 2076 a
304 2026 440 2093 parente.
475 2017 580 2091 quidni
602 2033 662 2076 uon
685 2017 723 2075 sit
743 2025 847 2090 turpe,
872 2032 940 2075 cum
957 2033 976 2074 a
991 2017 1073 2076 nullo

89 2110 181 2175 turpe
202 2101 263 2161 sit?
295 2102 475 2178 quibusdam
498 2102 577 2160 enim
600 2108 630 2161 et
651 2116 742 2175 pares
761 2108 792 2159 et
812 2100 934 2173 inpares
950 2115 1073 2163 sumus=

92 2199 184 2258 pares
200 2185 319 2260 animo,
343 2201 433 2261 quem
454 2187 553 2245 solum
568 2185 608 2243 illi
624 2185 764 2258 exigunt,
789 2200 880 2259 quem
902 2200 959 2244 nos
975 2186 1074 2244 solum

90 2267 312 2343 promittimus,
336 2269 461 2342 inpares
483 2259 617 2341 fortuna,
644 2268 771 2344 quaesi
793 2268 841 2328 cui
856 2269 985 2341 obstitit,
1013 2283 1073 2343 quo

90 2351 193 2411 minus
206 2355 334 2412 reterret
347 2352 494 2425 gratiam,
516 2368 577 2412 non
599 2351 669 2411 ideo
685 2353 726 2410 illi
740 2359 895 2427 tamquam
908 2353 989 2412 victo
1006 2368 1074 2412 eru-

90 2434 280 2495 bescendum
303 2443 364 2496 est:
387 2452 447 2495 non
470 2442 518 2494 est
538 2443 627 2509 turpe
643 2436 886 2509 non-consequi,
908 2436 1073 2495 dummodo

92 2519 244 2593 sequaris.
282 2518 383 2594 Saepe
406 2534 536 2578 necesse
552 2528 600 2578 est
614 2527 682 2578 ante
696 2520 755 2577 alia
768 2518 918 2577 beneficia
934 2525 1103 2592 petamust

92 2612 185 2676 quam
206 2603 309 2676 priora
330 2602 536 2675 reddidimus,
558 2617 615 2660 nec
637 2603 705 2661 ideo
722 2618 783 2661 non
799 2602 930 2674 petimus
946 2608 998 2659 aut
1012 2606 1072 2658 tur-

90 2685 172 2759 piter
189 2685 360 2764 [petimus],
384 2686 456 2759 quia
470 2703 531 2746 non
545 2686 690 2745 reddituri
706 2684 901 2756 debebimuS,
925 2683 1072 2757 quianon

91 2784 147 2842 per
168 2784 226 2828 nos
241 2770 298 2828 erit
311 2786 412 2842 mora,
437 2786 497 2842 quo
519 2770 619 2828 minus
634 2768 797 2843 gratissimi
817 2768 928 2841 simus,
951 2768 1008 2827 sed
1028 2767 1072 2826 in-

91 2851 241 2911 terveniet
255 2852 369 2926 aliquid
383 2854 590 2924 extrinsecus,
610 2853 691 2927 quod
709 2850 883 2925 prohibeat:
898 2867 957 2912 nos
971 2858 1072 2910 tamen

90 2949 148 2993 uec
168 2937 326 2995 vincemur
346 2935 448 2997 animo
463 2952 520 2995 nec
535 2935 663 3010 turpiter
678 2935 725 2994 his
739 2936 832 2994 rebus
849 2935 1071 3009 superabimur,

91 3032 173 3092 quae
188 3032 249 3078 non
266 3021 380 3079 suntin
397 3026 503 3080 nostra
518 3026 678 3095 potestate.

76 3120 79 3126 ’
151 3101 205 3160 Vl.
244 3103 421 3162 Alexander
449 3104 652 3162 Macedonum
678 3118 734 3161 rex
759 3102 882 3177 gloriari
908 3101 1027 3161 solebat
1054 3111 1100 3164 al

89 3185 173 3244 nullo
202 3199 237 3244 se
261 3185 420 3246 beneficiis
441 3189 564 3246 victum.
597 3202 659 3244 nou
681 3196 728 3247 est
749 3187 833 3260 quod
851 3186 961 3245 nimius
983 3185 1071 3243 animi

88 3267 280 3334 Macedonas
307 3276 337 3327 et
365 3270 499 3329 Graecos
526 3277 556 3328 et
579 3269 671 3328 Caras
696 3278 726 3328 et
741 3270 852 3328 Persas
879 3277 909 3327 et
932 3269 1072 3327 nationes

90 3350 246 3410 districtas
264 3352 331 3411 sine
347 3353 483 3412 exercitu
498 3354 653 3427 suspiciat,
670 3368 727 3412 nec
739 3354 798 3412 hoc
811 3352 868 3411 sibi
880 3350 1072 3426 praestitisse

86 3449 218 3508 regnum
233 3434 409 3495 aThraciae
424 3438 536 3510 angulo
557 3445 730 3510 porrectum
753 3452 853 3509 usque
875 3435 913 3492 ad
936 3435 1005 3493 litus
1025 3432 1069 3490 in·
