<?xml version="1.0" encoding="UTF-8"?>
<!DOCTYPE html PUBLIC "-//W3C//DTD XHTML 1.0 Transitional//EN"
    "http://www.w3.org/TR/xhtml1/DTD/xhtml1-transitional.dtd">
<html xmlns="http://www.w3.org/1999/xhtml" xml:lang="en" lang="en">
 <head>
  <title>
</title>
<meta http-equiv="Content-Type" content="text/html;charset=utf-8" />
  <meta name='ocr-system' content='tesseract 3.04.00' />
  <meta name='ocr-capabilities' content='ocr_page ocr_carea ocr_par ocr_line ocrx_word'/>
</head>
<body>
  <div class='ocr_page' id='page_1' title='image "./lannaeisenecaeo01senegoog_0235.png"; bbox 0 0 2364 3840; ppageno 0'>
   <div class='ocr_carea' id='block_1_1' title="bbox 166 174 855 242">
    <p class='ocr_par' dir='ltr' id='par_1_1' title="bbox 166 174 855 242">
     <span class='ocr_line' id='line_1_1' title="bbox 166 174 855 242; baseline -0.01 0"><span class='ocrx_word' id='word_1_1' title='bbox 166 178 229 242; x_wconf 75' lang='lat'><strong>202</strong></span> <span class='ocrx_word' id='word_1_2' title='bbox 456 177 489 236; x_wconf 92' lang='lat' dir='ltr'><strong>L.</strong></span> <span class='ocrx_word' id='word_1_3' title='bbox 511 174 658 235; x_wconf 87' lang='lat' dir='ltr'><strong>ANNAEI</strong></span> <span class='ocrx_word' id='word_1_4' title='bbox 680 174 855 235; x_wconf 79' lang='lat' dir='ltr'><strong>SENECAE</strong></span> 
     </span>
    </p>
   </div>
   <div class='ocr_carea' id='block_1_2' title="bbox 122 324 1137 3480">
    <p class='ocr_par' dir='ltr' id='par_1_2' title="bbox 122 324 1137 3480">
     <span class='ocr_line' id='line_1_2' title="bbox 163 324 1134 403; baseline -0.005 -12"><span class='ocrx_word' id='word_1_5' title='bbox 163 340 193 392; x_wconf 91' lang='lat' dir='ltr'><strong>et</strong></span> <span class='ocrx_word' id='word_1_6' title='bbox 214 332 254 391; x_wconf 93' lang='lat' dir='ltr'><strong>ob</strong></span> <span class='ocrx_word' id='word_1_7' title='bbox 275 330 335 390; x_wconf 89' lang='lat' dir='ltr'><strong>hoc</strong></span> <span class='ocrx_word' id='word_1_8' title='bbox 356 334 515 403; x_wconf 77' lang='lat' dir='ltr'><strong>separetur</strong></span> <span class='ocrx_word' id='word_1_9' title='bbox 531 342 549 386; x_wconf 89' lang='lat' dir='ltr'><strong>a</strong></span> <span class='ocrx_word' id='word_1_10' title='bbox 564 325 754 398; x_wconf 84' lang='lat' dir='ltr'><strong>consiliario,</strong></span> <span class='ocrx_word' id='word_1_11' title='bbox 778 324 939 402; x_wconf 85' lang='lat' dir='ltr'><strong>quiaillud</strong></span> <span class='ocrx_word' id='word_1_12' title='bbox 955 327 1066 387; x_wconf 77' lang='lat' dir='ltr'><strong>suadet</strong></span> <span class='ocrx_word' id='word_1_13' title='bbox 1080 326 1134 386; x_wconf 85' lang='lat' dir='ltr'><strong>dis-</strong></span> 
     </span>
     <span class='ocr_line' id='line_1_3' title="bbox 163 410 1134 488; baseline -0.005 -15"><span class='ocrx_word' id='word_1_14' title='bbox 163 415 348 488; x_wconf 86' lang='lat' dir='ltr'><strong>suadetque,</strong></span> <span class='ocrx_word' id='word_1_15' title='bbox 374 413 433 472; x_wconf 89' lang='lat' dir='ltr'><strong>boc</strong></span> <span class='ocrx_word' id='word_1_16' title='bbox 456 414 551 471; x_wconf 91' lang='lat' dir='ltr'><strong>solam</strong></span> <span class='ocrx_word' id='word_1_17' title='bbox 574 411 767 470; x_wconf 86' lang='lat' dir='ltr'><strong>evitationem</strong></span> <span class='ocrx_word' id='word_1_18' title='bbox 794 410 990 485; x_wconf 80' lang='lat' dir='ltr'><strong>inpendentis</strong></span> <span class='ocrx_word' id='word_1_19' title='bbox 1016 410 1134 484; x_wconf 89' lang='lat' dir='ltr'><strong>periculi</strong></span> 
     </span>
     <span class='ocr_line' id='line_1_4' title="bbox 163 493 1135 569; baseline -0.006 -11"><span class='ocrx_word' id='word_1_20' title='bbox 163 498 311 569; x_wconf 89' lang='lat' dir='ltr'><strong>continet,</strong></span> <span class='ocrx_word' id='word_1_21' title='bbox 338 503 371 555; x_wconf 92' lang='lat' dir='ltr'><strong>ut</strong></span> <span class='ocrx_word' id='word_1_22' title='bbox 391 511 460 553; x_wconf 90' lang='lat' dir='ltr'><strong>cnm</strong></span> <span class='ocrx_word' id='word_1_23' title='bbox 481 495 621 554; x_wconf 88' lang='lat' dir='ltr'><strong>timemus</strong></span> <span class='ocrx_word' id='word_1_24' title='bbox 643 493 760 567; x_wconf 83' lang='lat' dir='ltr'><strong>ignem,</strong></span> <span class='ocrx_word' id='word_1_25' title='bbox 783 494 921 554; x_wconf 78' lang='lat' dir='ltr'><strong>intudem</strong></span> <span class='ocrx_word' id='word_1_26' title='bbox 943 510 962 553; x_wconf 88' lang='lat' dir='ltr'><strong>a</strong></span> <span class='ocrx_word' id='word_1_27' title='bbox 983 493 1135 568; x_wconf 86' lang='lat' dir='ltr'><strong>proximis,</strong></span> 
     </span>
     <span class='ocr_line' id='line_1_5' title="bbox 133 577 1136 644; baseline -0.012 0"><span class='ocrx_word' id='word_1_28' title='bbox 133 581 290 644; x_wconf 82' lang='lat' dir='ltr'><strong>tinsidias</strong></span> <span class='ocrx_word' id='word_1_29' title='bbox 314 596 332 637; x_wconf 88' lang='lat' dir='ltr'><strong>a</strong></span> <span class='ocrx_word' id='word_1_30' title='bbox 353 580 462 638; x_wconf 89' lang='lat' dir='ltr'><strong>servis.</strong></span> <span class='ocrx_word' id='word_1_31' title='bbox 498 578 677 637; x_wconf 79' lang='lat' dir='ltr'><strong>Etiamnunc</strong></span> <span class='ocrx_word' id='word_1_32' title='bbox 698 586 798 637; x_wconf 87' lang='lat' dir='ltr'><strong>tamen</strong></span> <span class='ocrx_word' id='word_1_33' title='bbox 817 578 897 637; x_wconf 87' lang='lat' dir='ltr'><strong>illam</strong></span> <span class='ocrx_word' id='word_1_34' title='bbox 914 577 1136 638; x_wconf 82' lang='lat' dir='ltr'><strong>distinctionem</strong></span> 
     </span>
     <span class='ocr_line' id='line_1_6' title="bbox 161 660 1134 735; baseline -0.005 -14"><span class='ocrx_word' id='word_1_35' title='bbox 161 665 268 723; x_wconf 80' lang='lat' dir='ltr'><strong>video:</strong></span> <span class='ocrx_word' id='word_1_36' title='bbox 291 661 496 722; x_wconf 89' lang='lat' dir='ltr'><strong>consiliarium</strong></span> <span class='ocrx_word' id='word_1_37' title='bbox 508 668 570 733; x_wconf 89' lang='lat' dir='ltr'><strong>est,</strong></span> <span class='ocrx_word' id='word_1_38' title='bbox 588 661 671 735; x_wconf 87' lang='lat' dir='ltr'><strong>quod</strong></span> <span class='ocrx_word' id='word_1_39' title='bbox 685 662 829 735; x_wconf 76' lang='lat' dir='ltr'><strong>cogitanti</strong></span> <span class='ocrx_word' id='word_1_40' title='bbox 844 661 956 722; x_wconf 88' lang='lat' dir='ltr'><strong>lactum</strong></span> <span class='ocrx_word' id='word_1_41' title='bbox 970 667 1033 734; x_wconf 91' lang='lat' dir='ltr'><strong>est,</strong></span> <span class='ocrx_word' id='word_1_42' title='bbox 1047 660 1134 721; x_wconf 90' lang='lat' dir='ltr'><strong>moni·</strong></span> 
     </span>
     <span class='ocr_line' id='line_1_7' title="bbox 161 744 1136 820; baseline -0.007 -12"><span class='ocrx_word' id='word_1_43' title='bbox 161 750 285 817; x_wconf 86' lang='lat' dir='ltr'><strong>lorium,</strong></span> <span class='ocrx_word' id='word_1_44' title='bbox 312 746 394 820; x_wconf 88' lang='lat' dir='ltr'><strong>quod</strong></span> <span class='ocrx_word' id='word_1_45' title='bbox 417 744 490 803; x_wconf 90' lang='lat' dir='ltr'><strong>nihil</strong></span> <span class='ocrx_word' id='word_1_46' title='bbox 510 745 663 818; x_wconf 86' lang='lat' dir='ltr'><strong>cogitanti.</strong></span> <span class='ocrx_word' id='word_1_47' title='bbox 691 745 783 805; x_wconf 88' lang='lat' dir='ltr'><strong>habet</strong></span> <span class='ocrx_word' id='word_1_48' title='bbox 807 752 908 804; x_wconf 87' lang='lat' dir='ltr'><strong>autem</strong></span> <span class='ocrx_word' id='word_1_49' title='bbox 935 751 1068 820; x_wconf 84' lang='lat' dir='ltr'><strong>rrtraque</strong></span> <span class='ocrx_word' id='word_1_50' title='bbox 1090 758 1136 802; x_wconf 90' lang='lat' dir='ltr'><strong>res</strong></span> 
     </span>
     <span class='ocr_line' id='line_1_8' title="bbox 163 827 1134 904; baseline -0.004 -13"><span class='ocrx_word' id='word_1_51' title='bbox 163 847 250 892; x_wconf 90' lang='lat' dir='ltr'><strong>suam</strong></span> <span class='ocrx_word' id='word_1_52' title='bbox 265 829 497 904; x_wconf 80' lang='lat' dir='ltr'><strong>proprietatem:</strong></span> <span class='ocrx_word' id='word_1_53' title='bbox 523 828 669 888; x_wconf 88' lang='lat' dir='ltr'><strong>suadetur</strong></span> <span class='ocrx_word' id='word_1_54' title='bbox 683 827 921 889; x_wconf 80' lang='lat' dir='ltr'><strong>deliberantibus</strong></span> <span class='ocrx_word' id='word_1_55' title='bbox 937 836 968 888; x_wconf 91' lang='lat' dir='ltr'><strong>et</strong></span> <span class='ocrx_word' id='word_1_56' title='bbox 984 830 1062 888; x_wconf 93' lang='lat' dir='ltr'><strong>ultro</strong></span> <span class='ocrx_word' id='word_1_57' title='bbox 1078 844 1134 887; x_wconf 90' lang='lat' dir='ltr'><strong>mo-</strong></span> 
     </span>
     <span class='ocr_line' id='line_1_9' title="bbox 122 921 1033 974; baseline -0.004 0"><span class='ocrx_word' id='word_1_58' title='bbox 122 939 130 955; x_wconf 88' lang='lat'><strong>·</strong></span> <span class='ocrx_word' id='word_1_59' title='bbox 162 921 281 974; x_wconf 89' lang='lat' dir='ltr'><strong>nentur.</strong></span> <span class='ocrx_word' id='word_1_60' title='bbox 1030 948 1033 953; x_wconf 94' lang='lat'>-</span> 
     </span>
     <span class='ocr_line' id='line_1_10' title="bbox 135 993 1134 1070; baseline -0.008 -10"><span class='ocrx_word' id='word_1_61' title='bbox 135 1009 149 1060; x_wconf 88' lang='lat' dir='ltr'><strong>t</strong></span> <span class='ocrx_word' id='word_1_62' title='bbox 223 997 283 1056; x_wconf 81' lang='lat' dir='ltr'><strong>XL.</strong></span> <span class='ocrx_word' id='word_1_63' title='bbox 306 995 405 1054; x_wconf 86' lang='lat' dir='ltr'><strong>Primo</strong></span> <span class='ocrx_word' id='word_1_64' title='bbox 427 997 560 1056; x_wconf 90' lang='lat' dir='ltr'><strong>omnium</strong></span> <span class='ocrx_word' id='word_1_65' title='bbox 582 1013 642 1055; x_wconf 92' lang='lat' dir='ltr'><strong>non</strong></span> <span class='ocrx_word' id='word_1_66' title='bbox 665 1004 736 1055; x_wconf 91' lang='lat' dir='ltr'><strong>sunt</strong></span> <span class='ocrx_word' id='word_1_67' title='bbox 755 995 913 1056; x_wconf 81' lang='lat' dir='ltr'><strong>fulminum</strong></span> <span class='ocrx_word' id='word_1_68' title='bbox 930 1011 1062 1070; x_wconf 85' lang='lat' dir='ltr'><strong>genera,</strong></span> <span class='ocrx_word' id='word_1_69' title='bbox 1085 993 1134 1053; x_wconf 93' lang='lat' dir='ltr'><strong>sed</strong></span> 
     </span>
     <span class='ocr_line' id='line_1_11' title="bbox 163 1078 1135 1155; baseline -0.009 -13"><span class='ocrx_word' id='word_1_70' title='bbox 163 1080 426 1155; x_wconf 85' lang='lat' dir='ltr'><strong>significationum.</strong></span> <span class='ocrx_word' id='word_1_71' title='bbox 458 1096 536 1140; x_wconf 87' lang='lat' dir='ltr'><strong>nam</strong></span> <span class='ocrx_word' id='word_1_72' title='bbox 559 1081 755 1140; x_wconf 80' lang='lat' dir='ltr'><strong>fulminum</strong></span> <span class='ocrx_word' id='word_1_73' title='bbox 778 1095 923 1154; x_wconf 87' lang='lat' dir='ltr'><strong>genera</strong></span> <span class='ocrx_word' id='word_1_74' title='bbox 944 1085 1037 1138; x_wconf 90' lang='lat' dir='ltr'><strong>sunt</strong></span> <span class='ocrx_word' id='word_1_75' title='bbox 1058 1078 1135 1136; x_wconf 84' lang='lat' dir='ltr'><strong>illa:</strong></span> 
     </span>
     <span class='ocr_line' id='line_1_12' title="bbox 137 1160 1136 1240; baseline -0.005 -16"><span class='ocrx_word' id='word_1_76' title='bbox 137 1163 470 1240; x_wconf 79' lang='lat' dir='ltr'><strong>¹quodterebrat,</strong></span> <span class='ocrx_word' id='word_1_77' title='bbox 494 1164 791 1239; x_wconf 84' lang='lat' dir='ltr'><strong>quoddiscntit,</strong></span> <span class='ocrx_word' id='word_1_78' title='bbox 815 1162 1021 1238; x_wconf 87' lang='lat' dir='ltr'><strong>quodurit.</strong></span> <span class='ocrx_word' id='word_1_79' title='bbox 1055 1160 1136 1236; x_wconf 82' lang='lat' dir='ltr'><strong>Quod</strong></span> 
     </span>
     <span class='ocr_line' id='line_1_13' title="bbox 162 1246 1136 1322; baseline -0.007 -13"><span class='ocrx_word' id='word_1_80' title='bbox 162 1249 294 1309; x_wconf 88' lang='lat' dir='ltr'><strong>terebrat</strong></span> <span class='ocrx_word' id='word_1_81' title='bbox 309 1247 418 1307; x_wconf 84' lang='lat' dir='ltr'><strong>subtile</strong></span> <span class='ocrx_word' id='word_1_82' title='bbox 435 1256 482 1307; x_wconf 90' lang='lat' dir='ltr'><strong>est</strong></span> <span class='ocrx_word' id='word_1_83' title='bbox 499 1256 528 1306; x_wconf 89' lang='lat' dir='ltr'><strong>et</strong></span> <span class='ocrx_word' id='word_1_84' title='bbox 544 1247 731 1318; x_wconf 87' lang='lat' dir='ltr'><strong>flammeum,</strong></span> <span class='ocrx_word' id='word_1_85' title='bbox 755 1247 804 1307; x_wconf 89' lang='lat' dir='ltr'><strong>cui</strong></span> <span class='ocrx_word' id='word_1_86' title='bbox 819 1262 875 1321; x_wconf 90' lang='lat' dir='ltr'><strong>per</strong></span> <span class='ocrx_word' id='word_1_87' title='bbox 889 1246 1136 1322; x_wconf 86' lang='lat' dir='ltr'><strong>angustissimum</strong></span> 
     </span>
     <span class='ocr_line' id='line_1_14' title="bbox 134 1329 1137 1407; baseline -0.006 -14"><span class='ocrx_word' id='word_1_88' title='bbox 134 1336 234 1407; x_wconf 72' lang='lat' dir='ltr'><strong>tinga</strong></span> <span class='ocrx_word' id='word_1_89' title='bbox 248 1339 295 1392; x_wconf 89' lang='lat' dir='ltr'><strong>est</strong></span> <span class='ocrx_word' id='word_1_90' title='bbox 310 1331 349 1391; x_wconf 91' lang='lat' dir='ltr'><strong>ob</strong></span> <span class='ocrx_word' id='word_1_91' title='bbox 362 1331 513 1391; x_wconf 89' lang='lat' dir='ltr'><strong>sinceram</strong></span> <span class='ocrx_word' id='word_1_92' title='bbox 525 1340 555 1391; x_wconf 90' lang='lat' dir='ltr'><strong>et</strong></span> <span class='ocrx_word' id='word_1_93' title='bbox 567 1347 672 1406; x_wconf 89' lang='lat' dir='ltr'><strong>puram</strong></span> <span class='ocrx_word' id='word_1_94' title='bbox 684 1330 826 1390; x_wconf 84' lang='lat' dir='ltr'><strong>flammae</strong></span> <span class='ocrx_word' id='word_1_95' title='bbox 836 1331 1025 1391; x_wconf 87' lang='lat' dir='ltr'><strong>tenuitatem.</strong></span> <span class='ocrx_word' id='word_1_96' title='bbox 1054 1329 1137 1404; x_wconf 80' lang='lat' dir='ltr'><strong>Quod</strong></span> 
     </span>
     <span class='ocr_line' id='line_1_15' title="bbox 162 1414 1136 1489; baseline -0.005 -13"><span class='ocrx_word' id='word_1_97' title='bbox 162 1417 292 1489; x_wconf 85' lang='lat' dir='ltr'><strong>dissipat</strong></span> <span class='ocrx_word' id='word_1_98' title='bbox 314 1415 527 1488; x_wconf 86' lang='lat' dir='ltr'><strong>conglobatum</strong></span> <span class='ocrx_word' id='word_1_99' title='bbox 544 1422 590 1474; x_wconf 94' lang='lat' dir='ltr'><strong>est</strong></span> <span class='ocrx_word' id='word_1_100' title='bbox 604 1420 635 1473; x_wconf 91' lang='lat' dir='ltr'><strong>et</strong></span> <span class='ocrx_word' id='word_1_101' title='bbox 649 1414 740 1475; x_wconf 86' lang='lat' dir='ltr'><strong>habet</strong></span> <span class='ocrx_word' id='word_1_102' title='bbox 753 1415 919 1474; x_wconf 85' lang='lat' dir='ltr'><strong>admixtam</strong></span> <span class='ocrx_word' id='word_1_103' title='bbox 937 1415 1000 1473; x_wconf 86' lang='lat' dir='ltr'><strong>vim</strong></span> <span class='ocrx_word' id='word_1_104' title='bbox 1016 1415 1136 1489; x_wconf 90' lang='lat' dir='ltr'><strong>spiritus</strong></span> 
     </span>
     <span class='ocr_line' id='line_1_16' title="bbox 162 1496 1136 1572; baseline -0.004 -13"><span class='ocrx_word' id='word_1_105' title='bbox 162 1501 260 1559; x_wconf 89' lang='lat' dir='ltr'><strong>coacti</strong></span> <span class='ocrx_word' id='word_1_106' title='bbox 283 1515 319 1557; x_wconf 91' lang='lat' dir='ltr'><strong>ac</strong></span> <span class='ocrx_word' id='word_1_107' title='bbox 338 1498 510 1571; x_wconf 88' lang='lat' dir='ltr'><strong>procellosi.</strong></span> <span class='ocrx_word' id='word_1_108' title='bbox 540 1496 642 1572; x_wconf 86' lang='lat' dir='ltr'><strong>itaque</strong></span> <span class='ocrx_word' id='word_1_109' title='bbox 657 1499 730 1558; x_wconf 92' lang='lat' dir='ltr'><strong>illud</strong></span> <span class='ocrx_word' id='word_1_110' title='bbox 745 1500 858 1559; x_wconf 82' lang='lat' dir='ltr'><strong>fulmen</strong></span> <span class='ocrx_word' id='word_1_111' title='bbox 876 1498 977 1572; x_wconf 91' lang='lat' dir='ltr'><strong>perid</strong></span> <span class='ocrx_word' id='word_1_112' title='bbox 993 1498 1136 1569; x_wconf 80' lang='lat' dir='ltr'><strong>foramen,</strong></span> 
     </span>
     <span class='ocr_line' id='line_1_17' title="bbox 163 1581 1136 1659; baseline -0.003 -17"><span class='ocrx_word' id='word_1_113' title='bbox 163 1584 246 1659; x_wconf 90' lang='lat' dir='ltr'><strong>quod</strong></span> <span class='ocrx_word' id='word_1_114' title='bbox 261 1582 431 1655; x_wconf 91' lang='lat' dir='ltr'><strong>ingressum</strong></span> <span class='ocrx_word' id='word_1_115' title='bbox 447 1588 507 1652; x_wconf 89' lang='lat' dir='ltr'><strong>est,</strong></span> <span class='ocrx_word' id='word_1_116' title='bbox 526 1582 603 1640; x_wconf 90' lang='lat' dir='ltr'><strong>redit</strong></span> <span class='ocrx_word' id='word_1_117' title='bbox 618 1589 648 1640; x_wconf 91' lang='lat' dir='ltr'><strong>et</strong></span> <span class='ocrx_word' id='word_1_118' title='bbox 659 1583 770 1643; x_wconf 83' lang='lat' dir='ltr'><strong>eradit.</strong></span> <span class='ocrx_word' id='word_1_119' title='bbox 795 1582 887 1642; x_wconf 89' lang='lat' dir='ltr'><strong>buius</strong></span> <span class='ocrx_word' id='word_1_120' title='bbox 899 1584 959 1642; x_wconf 90' lang='lat' dir='ltr'><strong>late</strong></span> <span class='ocrx_word' id='word_1_121' title='bbox 971 1581 1136 1657; x_wconf 81' lang='lat' dir='ltr'><strong>sparseris</strong></span> 
     </span>
     <span class='ocr_line' id='line_1_18' title="bbox 133 1663 1137 1741; baseline -0.002 -16"><span class='ocrx_word' id='word_1_122' title='bbox 133 1672 223 1725; x_wconf 72' lang='lat' dir='ltr'><strong>dest:</strong></span> <span class='ocrx_word' id='word_1_123' title='bbox 246 1663 358 1738; x_wconf 88' lang='lat' dir='ltr'><strong>rumpit</strong></span> <span class='ocrx_word' id='word_1_124' title='bbox 369 1664 443 1736; x_wconf 88' lang='lat' dir='ltr'><strong>icta,</strong></span> <span class='ocrx_word' id='word_1_125' title='bbox 459 1682 518 1725; x_wconf 94' lang='lat' dir='ltr'><strong>non</strong></span> <span class='ocrx_word' id='word_1_126' title='bbox 533 1666 675 1739; x_wconf 81' lang='lat' dir='ltr'><strong>perforat.</strong></span> <span class='ocrx_word' id='word_1_127' title='bbox 707 1667 837 1726; x_wconf 87' lang='lat' dir='ltr'><strong>Tertium</strong></span> <span class='ocrx_word' id='word_1_128' title='bbox 848 1665 924 1726; x_wconf 93' lang='lat' dir='ltr'><strong>illud</strong></span> <span class='ocrx_word' id='word_1_129' title='bbox 934 1680 1046 1741; x_wconf 76' lang='lat' dir='ltr'><strong>genua,</strong></span> <span class='ocrx_word' id='word_1_130' title='bbox 1058 1664 1137 1741; x_wconf 87' lang='lat' dir='ltr'><strong>quod</strong></span> 
     </span>
     <span class='ocr_line' id='line_1_19' title="bbox 164 1747 1136 1825; baseline -0.002 -18"><span class='ocrx_word' id='word_1_131' title='bbox 164 1751 234 1820; x_wconf 86' lang='lat' dir='ltr'><strong>urit,</strong></span> <span class='ocrx_word' id='word_1_132' title='bbox 264 1749 389 1807; x_wconf 91' lang='lat' dir='ltr'><strong>multum</strong></span> <span class='ocrx_word' id='word_1_133' title='bbox 412 1749 523 1807; x_wconf 90' lang='lat' dir='ltr'><strong>terreni</strong></span> <span class='ocrx_word' id='word_1_134' title='bbox 548 1749 640 1809; x_wconf 89' lang='lat' dir='ltr'><strong>babet</strong></span> <span class='ocrx_word' id='word_1_135' title='bbox 660 1755 689 1808; x_wconf 90' lang='lat' dir='ltr'><strong>et</strong></span> <span class='ocrx_word' id='word_1_136' title='bbox 714 1750 835 1824; x_wconf 91' lang='lat' dir='ltr'><strong>igneum</strong></span> <span class='ocrx_word' id='word_1_137' title='bbox 861 1747 960 1825; x_wconf 86' lang='lat' dir='ltr'><strong>magis</strong></span> <span class='ocrx_word' id='word_1_138' title='bbox 985 1756 1136 1824; x_wconf 80' lang='lat' dir='ltr'><strong>estonam</strong></span> 
     </span>
     <span class='ocr_line' id='line_1_20' title="bbox 162 1832 1137 1907; baseline -0.001 -16"><span class='ocrx_word' id='word_1_139' title='bbox 162 1832 344 1891; x_wconf 87' lang='lat' dir='ltr'><strong>llammeum.</strong></span> <span class='ocrx_word' id='word_1_140' title='bbox 372 1832 476 1906; x_wconf 88' lang='lat' dir='ltr'><strong>itaque</strong></span> <span class='ocrx_word' id='word_1_141' title='bbox 496 1832 639 1907; x_wconf 81' lang='lat' dir='ltr'><strong>relinquit</strong></span> <span class='ocrx_word' id='word_1_142' title='bbox 659 1848 785 1907; x_wconf 86' lang='lat' dir='ltr'><strong>magnas</strong></span> <span class='ocrx_word' id='word_1_143' title='bbox 803 1832 916 1907; x_wconf 83' lang='lat' dir='ltr'><strong>ignium</strong></span> <span class='ocrx_word' id='word_1_144' title='bbox 931 1840 1039 1905; x_wconf 75' lang='lat' dir='ltr'><strong>notua,</strong></span> <span class='ocrx_word' id='word_1_145' title='bbox 1061 1846 1137 1907; x_wconf 89' lang='lat' dir='ltr'><strong>quae</strong></span> 
     </span>
     <span class='ocr_line' id='line_1_21' title="bbox 162 1915 1136 1991; baseline -0.003 -16"><span class='ocrx_word' id='word_1_146' title='bbox 162 1916 320 1991; x_wconf 86' lang='lat' dir='ltr'><strong>percussis</strong></span> <span class='ocrx_word' id='word_1_147' title='bbox 343 1915 529 1978; x_wconf 86' lang='lat' dir='ltr'><strong>inhaereant.</strong></span> <span class='ocrx_word' id='word_1_148' title='bbox 565 1918 678 1975; x_wconf 90' lang='lat' dir='ltr'><strong>nullum</strong></span> <span class='ocrx_word' id='word_1_149' title='bbox 701 1917 823 1991; x_wconf 89' lang='lat' dir='ltr'><strong>quidem</strong></span> <span class='ocrx_word' id='word_1_150' title='bbox 844 1916 913 1976; x_wconf 89' lang='lat' dir='ltr'><strong>sine</strong></span> <span class='ocrx_word' id='word_1_151' title='bbox 932 1917 1005 1991; x_wconf 91' lang='lat' dir='ltr'><strong>igne</strong></span> <span class='ocrx_word' id='word_1_152' title='bbox 1027 1918 1136 1976; x_wconf 80' lang='lat' dir='ltr'><strong>fulmen</strong></span> 
     </span>
     <span class='ocr_line' id='line_1_22' title="bbox 162 1999 1135 2075; baseline -0.003 -16"><span class='ocrx_word' id='word_1_153' title='bbox 162 2002 257 2072; x_wconf 88' lang='lat' dir='ltr'><strong>venit,</strong></span> <span class='ocrx_word' id='word_1_154' title='bbox 282 2000 338 2060; x_wconf 93' lang='lat' dir='ltr'><strong>sed</strong></span> <span class='ocrx_word' id='word_1_155' title='bbox 354 2006 452 2058; x_wconf 89' lang='lat' dir='ltr'><strong>tamen</strong></span> <span class='ocrx_word' id='word_1_156' title='bbox 467 2000 526 2060; x_wconf 91' lang='lat' dir='ltr'><strong>boc</strong></span> <span class='ocrx_word' id='word_1_157' title='bbox 543 2002 667 2074; x_wconf 88' lang='lat' dir='ltr'><strong>proprie</strong></span> <span class='ocrx_word' id='word_1_158' title='bbox 682 2000 803 2073; x_wconf 86' lang='lat' dir='ltr'><strong>igneum</strong></span> <span class='ocrx_word' id='word_1_159' title='bbox 818 1999 963 2073; x_wconf 86' lang='lat' dir='ltr'><strong>dicimus,</strong></span> <span class='ocrx_word' id='word_1_160' title='bbox 980 2000 1066 2075; x_wconf 91' lang='lat' dir='ltr'><strong>quod</strong></span> <span class='ocrx_word' id='word_1_161' title='bbox 1079 2015 1135 2057; x_wconf 90' lang='lat' dir='ltr'><strong>ma-</strong></span> 
     </span>
     <span class='ocr_line' id='line_1_23' title="bbox 162 2083 1136 2157; baseline -0.003 -15"><span class='ocrx_word' id='word_1_162' title='bbox 162 2086 272 2142; x_wconf 87' lang='lat' dir='ltr'><strong>nilesta</strong></span> <span class='ocrx_word' id='word_1_163' title='bbox 289 2083 408 2142; x_wconf 88' lang='lat' dir='ltr'><strong>ardoris</strong></span> <span class='ocrx_word' id='word_1_164' title='bbox 424 2084 552 2157; x_wconf 85' lang='lat' dir='ltr'><strong>vestigia</strong></span> <span class='ocrx_word' id='word_1_165' title='bbox 567 2084 713 2156; x_wconf 88' lang='lat' dir='ltr'><strong>inprimit,</strong></span> <span class='ocrx_word' id='word_1_166' title='bbox 730 2084 811 2156; x_wconf 84' lang='lat' dir='ltr'><strong>quod</strong></span> <span class='ocrx_word' id='word_1_167' title='bbox 826 2091 878 2143; x_wconf 86' lang='lat' dir='ltr'><strong>aut</strong></span> <span class='ocrx_word' id='word_1_168' title='bbox 892 2084 953 2144; x_wconf 87' lang='lat' dir='ltr'><strong>urit</strong></span> <span class='ocrx_word' id='word_1_169' title='bbox 966 2084 1136 2143; x_wconf 83' lang='lat' dir='ltr'><strong>autiuscat</strong></span> 
     </span>
     <span class='ocr_line' id='line_1_24' title="bbox 132 2164 1136 2227; baseline -0.002 0"><span class='ocrx_word' id='word_1_170' title='bbox 132 2166 258 2227; x_wconf 76' lang='lat' dir='ltr'><strong>dtribus</strong></span> <span class='ocrx_word' id='word_1_171' title='bbox 274 2166 373 2223; x_wconf 90' lang='lat' dir='ltr'><strong>modis</strong></span> <span class='ocrx_word' id='word_1_172' title='bbox 389 2167 462 2224; x_wconf 86' lang='lat' dir='ltr'><strong>urit:</strong></span> <span class='ocrx_word' id='word_1_173' title='bbox 484 2174 535 2225; x_wconf 89' lang='lat' dir='ltr'><strong>aut</strong></span> <span class='ocrx_word' id='word_1_174' title='bbox 549 2165 645 2225; x_wconf 87' lang='lat' dir='ltr'><strong>adflat</strong></span> <span class='ocrx_word' id='word_1_175' title='bbox 660 2175 689 2226; x_wconf 88' lang='lat' dir='ltr'><strong>et</strong></span> <span class='ocrx_word' id='word_1_176' title='bbox 704 2167 763 2225; x_wconf 92' lang='lat' dir='ltr'><strong>levi</strong></span> <span class='ocrx_word' id='word_1_177' title='bbox 777 2166 884 2227; x_wconf 89' lang='lat' dir='ltr'><strong>iniuria</strong></span> <span class='ocrx_word' id='word_1_178' title='bbox 897 2164 992 2227; x_wconf 87' lang='lat' dir='ltr'><strong>laedit</strong></span> <span class='ocrx_word' id='word_1_179' title='bbox 1001 2174 1056 2226; x_wconf 89' lang='lat' dir='ltr'><strong>aut</strong></span> <span class='ocrx_word' id='word_1_180' title='bbox 1067 2181 1136 2226; x_wconf 90' lang='lat' dir='ltr'><strong>con·</strong></span> 
     </span>
     <span class='ocr_line' id='line_1_25' title="bbox 163 2248 1135 2324; baseline 0.001 -18"><span class='ocrx_word' id='word_1_181' title='bbox 163 2248 241 2306; x_wconf 88' lang='lat' dir='ltr'><strong>burit</strong></span> <span class='ocrx_word' id='word_1_182' title='bbox 255 2254 305 2306; x_wconf 87' lang='lat' dir='ltr'><strong>aut</strong></span> <span class='ocrx_word' id='word_1_183' title='bbox 319 2248 468 2306; x_wconf 86' lang='lat' dir='ltr'><strong>accendit.</strong></span> <span class='ocrx_word' id='word_1_184' title='bbox 492 2250 592 2308; x_wconf 82' lang='lat' dir='ltr'><strong>oninia</strong></span> <span class='ocrx_word' id='word_1_185' title='bbox 607 2250 663 2308; x_wconf 88' lang='lat' dir='ltr'><strong>ista</strong></span> <span class='ocrx_word' id='word_1_186' title='bbox 676 2258 780 2321; x_wconf 89' lang='lat' dir='ltr'><strong>urunt,</strong></span> <span class='ocrx_word' id='word_1_187' title='bbox 804 2250 858 2309; x_wconf 89' lang='lat' dir='ltr'><strong>sed</strong></span> <span class='ocrx_word' id='word_1_188' title='bbox 873 2264 989 2324; x_wconf 87' lang='lat' dir='ltr'><strong>genere</strong></span> <span class='ocrx_word' id='word_1_189' title='bbox 1003 2259 1034 2311; x_wconf 89' lang='lat' dir='ltr'><strong>et</strong></span> <span class='ocrx_word' id='word_1_190' title='bbox 1047 2250 1135 2309; x_wconf 91' lang='lat' dir='ltr'><strong>modo</strong></span> 
     </span>
     <span class='ocr_line' id='line_1_26' title="bbox 162 2330 1135 2408; baseline 0.001 -20"><span class='ocrx_word' id='word_1_191' title='bbox 162 2330 314 2389; x_wconf 80' lang='lat' dir='ltr'><strong>differunt.</strong></span> <span class='ocrx_word' id='word_1_192' title='bbox 343 2331 559 2406; x_wconf 88' lang='lat' dir='ltr'><strong>quodcumque</strong></span> <span class='ocrx_word' id='word_1_193' title='bbox 582 2333 763 2392; x_wconf 89' lang='lat' dir='ltr'><strong>conbustum</strong></span> <span class='ocrx_word' id='word_1_194' title='bbox 785 2340 847 2407; x_wconf 88' lang='lat' dir='ltr'><strong>est,</strong></span> <span class='ocrx_word' id='word_1_195' title='bbox 870 2334 977 2408; x_wconf 89' lang='lat' dir='ltr'><strong>utique</strong></span> <span class='ocrx_word' id='word_1_196' title='bbox 993 2341 1025 2393; x_wconf 89' lang='lat' dir='ltr'><strong>et</strong></span> <span class='ocrx_word' id='word_1_197' title='bbox 1039 2341 1135 2393; x_wconf 89' lang='lat' dir='ltr'><strong>ustum</strong></span> 
     </span>
     <span class='ocr_line' id='line_1_27' title="bbox 133 2414 1134 2491; baseline -0.002 -15"><span class='ocrx_word' id='word_1_198' title='bbox 133 2422 217 2476; x_wconf 73' lang='lat' dir='ltr'><strong>best.</strong></span> <span class='ocrx_word' id='word_1_199' title='bbox 246 2421 277 2475; x_wconf 91' lang='lat' dir='ltr'><strong>at</strong></span> <span class='ocrx_word' id='word_1_200' title='bbox 292 2414 376 2488; x_wconf 92' lang='lat' dir='ltr'><strong>quod</strong></span> <span class='ocrx_word' id='word_1_201' title='bbox 391 2421 491 2474; x_wconf 92' lang='lat' dir='ltr'><strong>ustum</strong></span> <span class='ocrx_word' id='word_1_202' title='bbox 507 2422 567 2487; x_wconf 91' lang='lat' dir='ltr'><strong>est,</strong></span> <span class='ocrx_word' id='word_1_203' title='bbox 590 2434 650 2476; x_wconf 92' lang='lat' dir='ltr'><strong>non</strong></span> <span class='ocrx_word' id='word_1_204' title='bbox 667 2418 773 2491; x_wconf 83' lang='lat' dir='ltr'><strong>ntique</strong></span> <span class='ocrx_word' id='word_1_205' title='bbox 788 2416 971 2477; x_wconf 89' lang='lat' dir='ltr'><strong>conbustum</strong></span> <span class='ocrx_word' id='word_1_206' title='bbox 987 2426 1046 2479; x_wconf 89' lang='lat' dir='ltr'><strong>est.</strong></span> <span class='ocrx_word' id='word_1_207' title='bbox 1069 2417 1134 2476; x_wconf 89' lang='lat' dir='ltr'><strong>item</strong></span> 
     </span>
     <span class='ocr_line' id='line_1_28' title="bbox 163 2499 1133 2575; baseline 0 -18"><span class='ocrx_word' id='word_1_208' title='bbox 163 2499 245 2574; x_wconf 88' lang='lat' dir='ltr'><strong>quod</strong></span> <span class='ocrx_word' id='word_1_209' title='bbox 267 2513 431 2558; x_wconf 88' lang='lat' dir='ltr'><strong>accensum</strong></span> <span class='ocrx_word' id='word_1_210' title='bbox 448 2505 508 2558; x_wconf 84' lang='lat' dir='ltr'><strong>est:</strong></span> <span class='ocrx_word' id='word_1_211' title='bbox 533 2507 634 2573; x_wconf 90' lang='lat' dir='ltr'><strong>potest</strong></span> <span class='ocrx_word' id='word_1_212' title='bbox 648 2502 726 2558; x_wconf 92' lang='lat' dir='ltr'><strong>enim</strong></span> <span class='ocrx_word' id='word_1_213' title='bbox 742 2500 814 2559; x_wconf 95' lang='lat' dir='ltr'><strong>illud</strong></span> <span class='ocrx_word' id='word_1_214' title='bbox 830 2500 899 2575; x_wconf 91' lang='lat' dir='ltr'><strong>ipso</strong></span> <span class='ocrx_word' id='word_1_215' title='bbox 916 2501 1046 2560; x_wconf 89' lang='lat' dir='ltr'><strong>transitu</strong></span> <span class='ocrx_word' id='word_1_216' title='bbox 1060 2500 1133 2574; x_wconf 86' lang='lat' dir='ltr'><strong>ignis</strong></span> 
     </span>
     <span class='ocr_line' id='line_1_29' title="bbox 160 2583 1133 2658; baseline 0.001 -16"><span class='ocrx_word' id='word_1_217' title='bbox 160 2584 290 2643; x_wconf 89' lang='lat' dir='ltr'><strong>ussisse.</strong></span> <span class='ocrx_word' id='word_1_218' title='bbox 315 2583 384 2657; x_wconf 90' lang='lat' dir='ltr'><strong>quis</strong></span> <span class='ocrx_word' id='word_1_219' title='bbox 401 2584 557 2643; x_wconf 87' lang='lat' dir='ltr'><strong>nescituri</strong></span> <span class='ocrx_word' id='word_1_220' title='bbox 575 2585 739 2658; x_wconf 85' lang='lat' dir='ltr'><strong>qrrnedam‚</strong></span> <span class='ocrx_word' id='word_1_221' title='bbox 760 2600 820 2643; x_wconf 94' lang='lat' dir='ltr'><strong>non</strong></span> <span class='ocrx_word' id='word_1_222' title='bbox 837 2584 1018 2657; x_wconf 87' lang='lat' dir='ltr'><strong>ardescere,</strong></span> <span class='ocrx_word' id='word_1_223' title='bbox 1033 2584 1074 2643; x_wconf 93' lang='lat' dir='ltr'><strong>nil</strong></span> <span class='ocrx_word' id='word_1_224' title='bbox 1086 2598 1133 2643; x_wconf 87' lang='lat' dir='ltr'><strong>eu·</strong></span> 
     </span>
     <span class='ocr_line' id='line_1_30' title="bbox 160 2666 1132 2743; baseline -0.001 -19"><span class='ocrx_word' id='word_1_225' title='bbox 160 2674 219 2725; x_wconf 90' lang='lat' dir='ltr'><strong>tem</strong></span> <span class='ocrx_word' id='word_1_226' title='bbox 235 2667 356 2739; x_wconf 89' lang='lat' dir='ltr'><strong>ardere,</strong></span> <span class='ocrx_word' id='word_1_227' title='bbox 374 2669 455 2741; x_wconf 89' lang='lat' dir='ltr'><strong>quod</strong></span> <span class='ocrx_word' id='word_1_228' title='bbox 469 2683 529 2726; x_wconf 94' lang='lat' dir='ltr'><strong>non</strong></span> <span class='ocrx_word' id='word_1_229' title='bbox 542 2675 666 2728; x_wconf 78' lang='lat' dir='ltr'><strong>uraturt</strong></span> <span class='ocrx_word' id='word_1_230' title='bbox 686 2667 785 2727; x_wconf 90' lang='lat' dir='ltr'><strong>Unum</strong></span> <span class='ocrx_word' id='word_1_231' title='bbox 797 2668 857 2728; x_wconf 92' lang='lat' dir='ltr'><strong>hoc</strong></span> <span class='ocrx_word' id='word_1_232' title='bbox 870 2666 1017 2727; x_wconf 79' lang='lat' dir='ltr'><strong>adiciam:</strong></span> <span class='ocrx_word' id='word_1_233' title='bbox 1036 2672 1132 2743; x_wconf 86' lang='lat' dir='ltr'><strong>potest</strong></span> 
     </span>
     <span class='ocr_line' id='line_1_31' title="bbox 161 2750 1131 2826; baseline 0.003 -20"><span class='ocrx_word' id='word_1_234' title='bbox 161 2750 275 2822; x_wconf 88' lang='lat' dir='ltr'><strong>aliquid</strong></span> <span class='ocrx_word' id='word_1_235' title='bbox 295 2765 367 2808; x_wconf 89' lang='lat' dir='ltr'><strong>esse</strong></span> <span class='ocrx_word' id='word_1_236' title='bbox 383 2751 565 2810; x_wconf 87' lang='lat' dir='ltr'><strong>conbustum</strong></span> <span class='ocrx_word' id='word_1_237' title='bbox 580 2767 637 2810; x_wconf 91' lang='lat' dir='ltr'><strong>nec</strong></span> <span class='ocrx_word' id='word_1_238' title='bbox 652 2765 832 2822; x_wconf 86' lang='lat' dir='ltr'><strong>accensum,</strong></span> <span class='ocrx_word' id='word_1_239' title='bbox 857 2757 959 2826; x_wconf 90' lang='lat' dir='ltr'><strong>potest</strong></span> <span class='ocrx_word' id='word_1_240' title='bbox 972 2764 1131 2811; x_wconf 85' lang='lat' dir='ltr'><strong>accensum</strong></span> 
     </span>
     <span class='ocr_line' id='line_1_32' title="bbox 133 2834 1130 2908; baseline 0.002 -19"><span class='ocrx_word' id='word_1_241' title='bbox 133 2845 232 2898; x_wconf 71' lang='lat' dir='ltr'><strong>pesse</strong></span> <span class='ocrx_word' id='word_1_242' title='bbox 248 2848 305 2891; x_wconf 91' lang='lat' dir='ltr'><strong>nec</strong></span> <span class='ocrx_word' id='word_1_243' title='bbox 320 2834 511 2893; x_wconf 89' lang='lat' dir='ltr'><strong>conbustum.</strong></span> <span class='ocrx_word' id='word_1_244' title='bbox 544 2835 630 2895; x_wconf 92' lang='lat' dir='ltr'><strong>Nunc</strong></span> <span class='ocrx_word' id='word_1_245' title='bbox 646 2835 685 2894; x_wconf 88' lang='lat' dir='ltr'><strong>ad</strong></span> <span class='ocrx_word' id='word_1_246' title='bbox 700 2834 731 2892; x_wconf 91' lang='lat' dir='ltr'><strong>id</strong></span> <span class='ocrx_word' id='word_1_247' title='bbox 745 2850 843 2908; x_wconf 89' lang='lat' dir='ltr'><strong>genus</strong></span> <span class='ocrx_word' id='word_1_248' title='bbox 859 2834 993 2895; x_wconf 79' lang='lat' dir='ltr'><strong>fulminis</strong></span> <span class='ocrx_word' id='word_1_249' title='bbox 1005 2843 1130 2902; x_wconf 70' lang='lat' dir='ltr'><strong>mansee,</strong></span> 
     </span>
     <span class='ocr_line' id='line_1_33' title="bbox 162 2915 1131 2992; baseline 0 -19"><span class='ocrx_word' id='word_1_250' title='bbox 162 2931 222 2987; x_wconf 85' lang='lat' dir='ltr'><strong>quo</strong></span> <span class='ocrx_word' id='word_1_251' title='bbox 238 2915 480 2976; x_wconf 84' lang='lat' dir='ltr'><strong>ictaluscantur=</strong></span> <span class='ocrx_word' id='word_1_252' title='bbox 504 2917 562 2978; x_wconf 89' lang='lat' dir='ltr'><strong>boc</strong></span> <span class='ocrx_word' id='word_1_253' title='bbox 574 2926 626 2978; x_wconf 91' lang='lat' dir='ltr'><strong>aut</strong></span> <span class='ocrx_word' id='word_1_254' title='bbox 637 2918 794 2978; x_wconf 88' lang='lat' dir='ltr'><strong>decolorat</strong></span> <span class='ocrx_word' id='word_1_255' title='bbox 804 2926 856 2978; x_wconf 88' lang='lat' dir='ltr'><strong>aut</strong></span> <span class='ocrx_word' id='word_1_256' title='bbox 867 2919 995 2979; x_wconf 88' lang='lat' dir='ltr'><strong>colorat.</strong></span> <span class='ocrx_word' id='word_1_257' title='bbox 1017 2918 1131 2992; x_wconf 87' lang='lat' dir='ltr'><strong>utrique</strong></span> 
     </span>
     <span class='ocr_line' id='line_1_34' title="bbox 161 2997 1130 3076; baseline 0 -21"><span class='ocrx_word' id='word_1_258' title='bbox 161 2997 384 3057; x_wconf 88' lang='lat' dir='ltr'><strong>distinctionem</strong></span> <span class='ocrx_word' id='word_1_259' title='bbox 400 3017 485 3059; x_wconf 90' lang='lat' dir='ltr'><strong>suam</strong></span> <span class='ocrx_word' id='word_1_260' title='bbox 500 3003 637 3061; x_wconf 88' lang='lat' dir='ltr'><strong>reddam.</strong></span> <span class='ocrx_word' id='word_1_261' title='bbox 670 3003 870 3062; x_wconf 85' lang='lat' dir='ltr'><strong>Decoloralur</strong></span> <span class='ocrx_word' id='word_1_262' title='bbox 885 3002 932 3076; x_wconf 93' lang='lat' dir='ltr'><strong>id,</strong></span> <span class='ocrx_word' id='word_1_263' title='bbox 948 3001 1038 3062; x_wconf 88' lang='lat' dir='ltr'><strong>cuius</strong></span> <span class='ocrx_word' id='word_1_264' title='bbox 1053 3000 1130 3061; x_wconf 86' lang='lat' dir='ltr'><strong>color</strong></span> 
     </span>
     <span class='ocr_line' id='line_1_35' title="bbox 160 3081 1129 3160; baseline 0.004 -23"><span class='ocrx_word' id='word_1_265' title='bbox 160 3081 293 3151; x_wconf 88' lang='lat' dir='ltr'><strong>vitiatur,</strong></span> <span class='ocrx_word' id='word_1_266' title='bbox 318 3098 379 3141; x_wconf 94' lang='lat' dir='ltr'><strong>non</strong></span> <span class='ocrx_word' id='word_1_267' title='bbox 400 3091 540 3143; x_wconf 89' lang='lat' dir='ltr'><strong>mutatur.</strong></span> <span class='ocrx_word' id='word_1_268' title='bbox 568 3087 721 3146; x_wconf 90' lang='lat' dir='ltr'><strong>coloratur</strong></span> <span class='ocrx_word' id='word_1_269' title='bbox 741 3085 786 3157; x_wconf 89' lang='lat' dir='ltr'><strong>id,</strong></span> <span class='ocrx_word' id='word_1_270' title='bbox 810 3085 898 3145; x_wconf 89' lang='lat' dir='ltr'><strong>cuius</strong></span> <span class='ocrx_word' id='word_1_271' title='bbox 918 3084 980 3145; x_wconf 88' lang='lat' dir='ltr'><strong>alia</strong></span> <span class='ocrx_word' id='word_1_272' title='bbox 999 3086 1033 3147; x_wconf 84' lang='lat' dir='ltr'><strong>nr</strong></span> <span class='ocrx_word' id='word_1_273' title='bbox 1046 3097 1129 3160; x_wconf 81' lang='lat' dir='ltr'><strong>quam</strong></span> 
     </span>
     <span class='ocr_line' id='line_1_36' title="bbox 149 3165 1046 3243; baseline 0.004 -21"><span class='ocrx_word' id='word_1_274' title='bbox 149 3165 215 3223; x_wconf 75' lang='lat' dir='ltr'><strong>luit</strong></span> <span class='ocrx_word' id='word_1_275' title='bbox 231 3165 339 3237; x_wconf 87' lang='lat' dir='ltr'><strong>iacies,</strong></span> <span class='ocrx_word' id='word_1_276' title='bbox 364 3174 516 3240; x_wconf 86' lang='lat' dir='ltr'><strong>tamquam</strong></span> <span class='ocrx_word' id='word_1_277' title='bbox 534 3170 675 3228; x_wconf 89' lang='lat' dir='ltr'><strong>caerulea</strong></span> <span class='ocrx_word' id='word_1_278' title='bbox 691 3171 738 3228; x_wconf 93' lang='lat' dir='ltr'><strong>vel</strong></span> <span class='ocrx_word' id='word_1_279' title='bbox 753 3167 841 3242; x_wconf 88' lang='lat' dir='ltr'><strong>nigra</strong></span> <span class='ocrx_word' id='word_1_280' title='bbox 854 3169 904 3228; x_wconf 92' lang='lat' dir='ltr'><strong>vel</strong></span> <span class='ocrx_word' id='word_1_281' title='bbox 919 3170 1046 3243; x_wconf 85' lang='lat' dir='ltr'><strong>pallida.</strong></span> 
     </span>
     <span class='ocr_line' id='line_1_37' title="bbox 132 3248 1129 3327; baseline 0.003 -22"><span class='ocrx_word' id='word_1_282' title='bbox 132 3254 147 3306; x_wconf 92' lang='lat'>1</span> <span class='ocrx_word' id='word_1_283' title='bbox 221 3248 294 3306; x_wconf 87' lang='lat' dir='ltr'><strong>XLI.</strong></span> <span class='ocrx_word' id='word_1_284' title='bbox 323 3250 425 3308; x_wconf 89' lang='lat' dir='ltr'><strong>Haec</strong></span> <span class='ocrx_word' id='word_1_285' title='bbox 454 3251 577 3310; x_wconf 86' lang='lat' dir='ltr'><strong>adhuc</strong></span> <span class='ocrx_word' id='word_1_286' title='bbox 599 3252 777 3313; x_wconf 84' lang='lat' dir='ltr'><strong>Etruscis</strong></span> <span class='ocrx_word' id='word_1_287' title='bbox 805 3252 1129 3327; x_wconf 84' lang='lat' dir='ltr'><strong>philosophisque</strong></span> 
     </span>
     <span class='ocr_line' id='line_1_38' title="bbox 161 3330 1129 3410; baseline 0.002 -21"><span class='ocrx_word' id='word_1_288' title='bbox 161 3333 375 3391; x_wconf 88' lang='lat' dir='ltr'><strong>communia</strong></span> <span class='ocrx_word' id='word_1_289' title='bbox 407 3341 505 3392; x_wconf 89' lang='lat' dir='ltr'><strong>sunt.</strong></span> <span class='ocrx_word' id='word_1_290' title='bbox 538 3335 572 3392; x_wconf 93' lang='lat' dir='ltr'><strong>in</strong></span> <span class='ocrx_word' id='word_1_291' title='bbox 608 3336 702 3396; x_wconf 91' lang='lat' dir='ltr'><strong>illud</strong></span> <span class='ocrx_word' id='word_1_292' title='bbox 735 3334 999 3407; x_wconf 89' lang='lat' dir='ltr'><strong>dissentiunt,</strong></span> <span class='ocrx_word' id='word_1_293' title='bbox 1037 3330 1129 3410; x_wconf 85' lang='lat' dir='ltr'><strong>quod</strong></span> 
     </span>
     <span class='ocr_line' id='line_1_39' title="bbox 160 3416 1129 3480; baseline 0.008 -8"><span class='ocrx_word' id='word_1_294' title='bbox 160 3416 300 3475; x_wconf 89' lang='lat' dir='ltr'><strong>lulrnen</strong></span> <span class='ocrx_word' id='word_1_295' title='bbox 329 3433 347 3475; x_wconf 88' lang='lat' dir='ltr'><strong>a</strong></span> <span class='ocrx_word' id='word_1_296' title='bbox 376 3417 467 3477; x_wconf 92' lang='lat' dir='ltr'><strong>love</strong></span> <span class='ocrx_word' id='word_1_297' title='bbox 487 3416 621 3476; x_wconf 86' lang='lat' dir='ltr'><strong>dicunt</strong></span> <span class='ocrx_word' id='word_1_298' title='bbox 643 3419 739 3477; x_wconf 88' lang='lat' dir='ltr'><strong>mitti</strong></span> <span class='ocrx_word' id='word_1_299' title='bbox 762 3427 797 3479; x_wconf 88' lang='lat' dir='ltr'><strong>et</strong></span> <span class='ocrx_word' id='word_1_300' title='bbox 818 3426 898 3478; x_wconf 91' lang='lat' dir='ltr'><strong>tres</strong></span> <span class='ocrx_word' id='word_1_301' title='bbox 924 3419 986 3479; x_wconf 90' lang='lat' dir='ltr'><strong>illi</strong></span> <span class='ocrx_word' id='word_1_302' title='bbox 1008 3432 1129 3480; x_wconf 84' lang='lat' dir='ltr'><strong>mann·</strong></span> 
     </span>
    </p>
   </div>
   <div class='ocr_carea' id='block_1_3' title="bbox 0 0 1186 3840">
    <p class='ocr_par' dir='ltr' id='par_1_3' title="bbox 0 0 1186 3840">
     <span class='ocr_line' id='line_1_40' title="bbox 0 0 1186 3840; baseline 0 2"><span class='ocrx_word' id='word_1_303' title='bbox 0 0 1186 3840; x_wconf 95' lang='lat' dir='ltr'><strong> </strong></span> 
     </span>
    </p>
   </div>
  </div>
 </body>
</html>
