2364 3840
112 153 174 247 aas
400 183 433 240 a.
456 180 602 240 annam
626 178 801 240 sennenn

113 336 295 398 claudentia.
324 335 394 393 inde
410 341 458 393 est
472 350 584 404 sonus,
603 348 692 407 quem
708 349 766 392 nos
780 333 923 393 tonitrum
936 348 1089 392 vocamus.

84 424 145 488 aln
168 422 237 494 ipso
261 434 385 494 quoque
406 421 477 476 aire
498 417 644 491 quicquid
666 424 862 490 extenuatur,
885 416 1021 476 simulet
1037 417 1089 476 sic-

115 514 201 565 catur
220 513 250 563 et
272 503 380 561 calefit.
410 501 469 560 hoc
491 516 616 576 quoque
637 501 663 559 si
681 501 831 560 inclusum
846 505 909 570 est,
934 515 1036 575 aeque
1050 501 1089 559 lu·

115 605 183 663 gam
201 585 320 661 <tonent
335 593 365 645 et
379 601 448 644 cum
464 600 543 644 sono
559 584 662 643 evadit
677 599 713 643 ac
728 585 820 645 modo
835 583 1014 643 universam
1028 599 1090 643 eru-

117 673 250 746 ptionem
265 670 336 728 lacit
351 684 451 742 eoque
468 668 677 727 vehementius
693 668 825 738 intonat,
843 666 939 727 modo
955 682 1014 742 per
1028 683 1090 741 par·

87 764 162 826 ales
178 763 208 813 ct
222 752 398 812 minutatim.
422 767 495 826 ergo
511 754 642 811 tonitrua
654 751 702 810 iric
717 750 843 825 spiritus
857 750 1010 825 exprimit,
1025 752 1091 810 dum

116 846 167 897 aut
187 836 301 910 rumpit
320 835 418 894 nubes
439 843 491 894 aut
513 836 660 910 pervolat.
691 835 835 895 volutatio
851 840 954 895 autem
970 835 1091 910 spiritus

116 925 145 981 in
168 922 248 981 nube
270 919 407 979 conclusi
422 919 662 978 valentissimum
678 927 725 978 est
739 918 897 978 adterendi
912 933 1023 993 genus.
1051 927 1091 978 to·

116 1007 214 1064 nitrua
235 1004 314 1062 enim
335 1002 408 1062 nihil
430 1002 512 1062 aliud
534 1011 605 1062 sunt
619 1019 710 1077 quam
725 1003 775 1062 citi
789 1002 869 1061 aeris
886 1000 1026 1080 sonituS,
1045 1000 1092 1076 qui

117 1089 198 1157 steri,
221 1087 279 1146 uisi
296 1088 367 1146 dum
384 1095 436 1147 aut
449 1087 518 1145 terit
532 1096 584 1146 aut
597 1087 754 1160 rumpitur,
779 1101 840 1145 non
856 1092 969 1159 potest.

89 1185 104 1234 1
178 1172 240 1230 LV.
271 1171 329 1243 „Et
350 1171 375 1229 si
398 1172 590 1231 conliduntur
609 1171 686 1229 inter
701 1187 735 1230 se
751 1169 864 1243 nubes,
886 1170 1000 1244 inquit,
1024 1169 1057 1229 fit
1069 1170 1092 1227 is

118 1272 208 1330 quern
231 1256 390 1315 desideras
412 1255 521 1314 ictus.“
549 1255 604 1314 sed
627 1270 688 1313 non
703 1253 879 1314 universus.
900 1253 1093 1328 nequeenim

117 1348 198 1401 totae
219 1340 289 1400 totis
311 1346 510 1410 concurrunt,
534 1339 590 1398 sed
612 1338 748 1412 partibus
770 1343 885 1412 partes.
913 1352 972 1397 nec
988 1342 1095 1397 sonant

118 1424 234 1497 mollia,
259 1423 318 1482 nisi
334 1423 423 1480 inlisa
438 1422 523 1481 duris
539 1430 625 1481 sunt:
645 1423 747 1495 itaque
762 1438 823 1482 non
839 1420 963 1481 auditur
975 1421 1093 1491 fluctus,

89 1508 176 1570 anisi
199 1508 339 1581 inpactus
360 1514 416 1564 est.
459 1505 578 1578 „lgniS,
607 1506 722 1579 inquit,
752 1505 899 1565 dimissus
926 1505 956 1563 in
986 1520 1093 1581 aquam

119 1598 222 1659 sonat,
252 1590 324 1648 dum
345 1588 576 1662 exstinguitur.“
618 1589 694 1649 Puta
713 1590 755 1648 ita
774 1603 862 1649 esse=
888 1604 946 1663 pro
969 1595 1094 1649 meost

118 1691 178 1733 tion
201 1674 280 1731 enim
303 1679 374 1731 tunc
396 1672 475 1745 ignis
496 1687 606 1731 sonum
628 1673 735 1746 elficit,
757 1673 813 1732 sed
830 1671 957 1747 spiritus
973 1688 1030 1748 per
1045 1688 1095 1730 ex-

119 1754 305 1831 stinguentis
326 1758 456 1830 lugiens·
497 1755 537 1815 Ut
556 1757 626 1816 dem
646 1757 700 1816 tibi
722 1764 752 1815 et
772 1756 838 1814 lieri
853 1755 884 1815 in
901 1756 984 1815 nube
999 1757 1094 1830 ignem

89 1850 148 1903 aet
167 1840 335 1914 exstingui,
360 1856 377 1898 e
400 1840 509 1914 spiritu
529 1840 665 1899 nascitur
684 1849 714 1899 et
731 1840 851 1900 adtritu,
888 1839 990 1914 „Quid
1005 1845 1096 1914 ergo?

119 1926 230 2001 inquit,
260 1941 321 1984 iton
345 1931 447 1999 potest
467 1925 569 1998 aliqua
590 1940 626 1982 ex
643 1923 691 1983 his
707 1923 988 1984 transcurrentibus
1004 1923 1095 1984 stellis

119 2011 254 2069 incidere
275 2011 304 2068 in
332 2009 444 2069 nubem
471 2016 501 2066 et
526 2009 725 2081 exstinguir‘¹
761 2007 979 2069 Existimemus
1003 2021 1095 2083 posse

119 2095 209 2153 etiam
224 2093 389 2165 aliquando
405 2092 464 2152 hoc
480 2091 560 2150 lieri=
584 2108 664 2150 nunc
680 2092 847 2150 naturalem
861 2106 988 2151 causam
1005 2106 1094 2166 quae

118 2177 213 2234 rimus
229 2183 258 2233 et
278 2174 453 2245 adsiduam,
477 2190 537 2233 non
555 2191 655 2233 raram
671 2176 894 2248 fortuitamque.
929 2182 1005 2249 puta
1019 2174 1095 2233 eninr

118 2273 167 2316 me
189 2257 326 2316 confiteri
341 2272 445 2314 verunt
462 2272 547 2329 esse,
571 2259 654 2331 quod
670 2258 762 2330 dicis,
784 2258 951 2334 aliquando
963 2266 1040 2334 post
1052 2266 1095 2318 to·

119 2340 219 2399 nitrua
239 2337 371 2398 emicare
391 2341 477 2414 ignes
497 2340 592 2400 stellis
613 2343 799 2402 transversis
815 2350 845 2401 et
861 2343 1043 2403 cadentibus
1058 2340 1094 2400 si-

119 2425 220 2483 miles:
244 2438 304 2481 non
328 2422 366 2482 ob
386 2423 445 2483 hoc
462 2425 593 2484 tonitrua
608 2427 789 2500 factasunt,
810 2426 867 2486 sed
884 2443 954 2487 cum
970 2426 1030 2485 hoc
1045 2425 1093 2484 lie·

89 2515 178 2584 trel,
205 2508 338 2570 tonitrua
360 2509 538 2568 factasunt.
581 2509 775 2570 Clidemos
802 2509 843 2569 ait
865 2510 1093 2585 fulgurationem

119 2594 255 2667 speciem
276 2594 397 2652 inanem
417 2607 504 2664 esse,
532 2609 594 2651 non
614 2594 728 2667 ignem=
752 2594 797 2652 sic
812 2593 892 2651 enim
908 2600 1092 2668 pernoctem

119 2679 314 2750 splendorem
335 2684 420 2738 motu
439 2692 592 2738 remorum
614 2678 718 2736 videri.
753 2675 909 2737 Dissimile
930 2686 980 2738 est
996 2692 1091 2737 exem·

120 2762 211 2832 plum.
245 2761 305 2819 illic
327 2756 406 2820 enirn
427 2761 575 2836 splendor
595 2761 673 2821 intra
692 2776 803 2835 uquam
828 2761 930 2835 ipsam
955 2762 1090 2837 adparea

121 2842 173 2915 qui
188 2843 222 2901 sil
237 2844 266 2902 in
281 2848 367 2917 aere,
392 2846 522 2918 erumpit
536 2853 565 2903 et
579 2843 688 2904 exsilit.

92 2943 107 2994 1
183 2927 259 2985 LVl.
280 2927 502 2988 Heraclitus
524 2927 677 2988 existimat
688 2928 921 3002 fulgurationem
932 2943 1006 2988 esse
1016 2926 1092 2987 velut

121 3010 204 3082 apud
225 3026 281 3069 nos
301 3011 510 3086 incipientium
531 3011 644 3086 ignium
667 3018 807 3089 conatum
823 3020 853 3071 et
868 3013 997 3087 primam
1012 3010 1090 3071 flam·

119 3109 198 3151 mam
218 3093 377 3169 incertam,
400 3095 493 3155 modo
513 3096 727 3169 intereuntem,
755 3096 847 3157 modo
869 3103 1091 3171 resurgentem

119 3175 197 3234 haec
213 3176 328 3252 antiqui
350 3179 521 3250 fulgetra
540 3179 691 3239 dicebant.
719 3196 778 3241 nos
801 3179 976 3240 tonitrua
998 3180 1091 3254 plura·

119 3259 187 3318 liter
201 3261 344 3332 dicimus,
369 3261 484 3335 antiqui
500 3270 598 3322 autem
614 3265 798 3324 tonitrum
815 3263 959 3325 dixerunt
973 3270 1025 3325 aut
1037 3270 1091 3323 to-

120 3360 213 3401 num.
247 3345 313 3404 Hoc
329 3345 411 3419 apud
428 3343 608 3406 Caecinnem
623 3346 760 3419 invenie,
778 3346 946 3408 facundum
957 3347 1053 3408 virum
1067 3349 1093 3404 et

120 3427 172 3501 qui
192 3426 351 3488 habuisset
371 3428 537 3503 aliquando
559 3429 589 3492 in
605 3430 780 3506 eloquentia
793 3447 921 3506 nomen,
940 3430 1001 3493 nisi
1016 3431 1092 3491 illum
