2364 3840
135 191 202 255 '310
416 192 448 250 t.
471 191 618 249 ANNAEI
638 189 812 250 SENECAE

110 347 198 409 aittic
224 344 384 419 plurimum
410 349 456 402 est
481 341 561 401 a'e‘ris
584 342 672 416 pigri.
709 341 829 414 „Quare
851 351 951 402 autem
974 359 1035 402 non
1059 351 1119 406 stat

139 437 288 499 cometes,
307 428 362 486 sed
375 427 553 500 proceditt“
576 426 689 484 dicam:
713 425 826 499 ignium
839 427 930 486 modo
943 428 1116 488 alimentum

138 528 227 573 suum
243 511 388 585 sequitur.
412 510 551 584 quamvis
568 509 647 567 enirn
663 509 702 568 ad
717 511 879 583 superiora
893 508 979 570 nisus
994 512 1048 583 sit,
1065 513 1117 571 de-

138 597 259 656 ficiente
280 602 379 653 tamen
400 594 525 653 materia
545 600 625 652 retro
641 591 707 652 iens
723 593 791 668 ipse
807 594 974 656 descendit.
998 595 1027 653 in
1045 598 1117 654 aere

139 694 264 754 quoque
285 695 345 738 non
372 678 508 737 dextram
533 677 713 750 laevamque
739 677 847 750 premit
873 685 997 752 partem.
1035 679 1117 738 nulla

139 772 186 823 est
200 761 279 822 enim
295 762 335 820 illi
352 761 415 829 via,
437 760 493 819 sed
508 776 569 834 qua
585 775 663 819 rena
679 759 781 834 pabuli
796 761 843 819 sui
860 761 955 832 duxit,
972 762 1022 820 illa
1038 763 1116 836 repit

110 859 195 912 anec
209 854 242 906 ut
256 846 343 905 stella
360 844 511 918 procedit,
529 843 585 902 sed
601 850 632 902 ut
643 842 721 917 ignis
736 843 878 918 pascitur.
910 844 1030 917 „Quare
1042 861 1115 921 ergo

139 947 194 1006 per
222 932 345 1002 longum
369 934 489 1000 tempus
516 926 643 1000 adparet
668 934 780 988 elnon
808 928 866 988 cito
893 924 1116 1003 exstinguitur?

140 1031 195 1073 sex
211 1013 289 1071 enim
304 1009 460 1070 mensibus
475 1009 538 1083 hic,
554 1026 645 1085 quem
661 1026 718 1069 nos
730 1009 858 1070 Neronis
872 1010 1043 1086 principatu
1055 1014 1113 1072 lae-

138 1097 256 1158 tissimo
272 1096 418 1165 vidimus,
442 1094 641 1169 spectandum
657 1109 691 1154 se
706 1094 844 1169 praebuit
859 1094 888 1153 in
904 1096 1059 1156 diversum
1074 1097 1114 1155 illi

140 1179 304 1239 Claudiano
327 1179 541 1238 circumactus:
570 1176 620 1238 ille
641 1178 720 1236 enim
739 1178 987 1253 aseptemtrione
1002 1181 1032 1238 in
1049 1196 1113 1239 ver-

139 1266 227 1324 ticem
250 1278 378 1337 surgens
401 1262 547 1321 orientem
568 1261 653 1334 petiit
673 1277 795 1336 semper
812 1262 985 1322 obscurior:
1009 1262 1059 1323 lric
1076 1264 1113 1323 ab

139 1349 247 1407 eadem
262 1354 347 1421 parte
363 1347 479 1421 coepit,
502 1345 558 1405 sed
576 1346 605 1403 in
622 1345 809 1404 occidentem
825 1347 954 1406 tendens
970 1347 1009 1405 ad
1025 1348 1112 1406 nteri—

111 1431 218 1492 4dlem
239 1429 325 1490 flexit
346 1436 376 1488 et
395 1427 436 1488 ibi
457 1445 492 1488 se
507 1427 653 1488 subduxit
667 1429 796 1488 oculis.“
828 1429 979 1489 Videlicet
993 1430 1044 1489 ille
1059 1430 1112 1490 bu-

138 1514 267 1573 midiora
287 1512 391 1572 babuit
411 1520 440 1572 et
460 1511 578 1587 aptiora
600 1511 736 1586 ignibus,
759 1528 837 1588 quae
855 1520 1033 1587 persecutus
1050 1521 1112 1572 est:

138 1598 209 1657 lruic
230 1613 339 1657 cursus
360 1593 484 1656 ulterior
505 1593 603 1655 luivet
620 1597 737 1669 plenior
750 1596 846 1670 regio.
869 1597 928 1656 lruc
943 1597 1046 1672 itaque
1061 1597 1112 1656 de-

140 1681 258 1740 scendit
273 1680 415 1739 invitante
431 1678 569 1750 materia,
590 1695 650 1739 non
665 1680 785 1753 itinere,
803 1681 885 1753 quod
898 1682 1027 1754 adparet
1038 1681 1112 1740 duo-

139 1765 213 1833 bus,
243 1779 321 1838 quos
342 1762 562 1837 spectavimus,
591 1761 687 1823 luisse
713 1763 887 1836 diversum,
914 1779 983 1824 curn
1010 1763 1060 1824 hic
1082 1765 1112 1823 in

140 1848 279 1907 dextrum
293 1853 393 1905 motus
409 1845 460 1919 sit,
480 1847 530 1906 ille
545 1846 575 1906 in
591 1846 754 1910 sinistrum.
778 1848 917 1923 omnibus
930 1855 1030 1907 autem
1043 1850 1113 1908 stel-

139 1932 175 1989 lis
189 1931 216 1989 in
230 1931 368 1990 eamdem
381 1935 495 2004 partem
510 1945 618 1990 cursus
631 1938 686 2003 est,
702 1931 732 1990 id
744 1939 791 1989 est
802 1929 972 1992 contrarius
985 1931 1112 1992 mundo:

138 2013 187 2073 hic
208 2015 287 2074 enirn
309 2014 346 2073 ab
362 2020 430 2074 ortu
445 2013 574 2074 volvitur
589 2014 618 2072 in
634 2029 793 2087 occasum,
816 2015 885 2074 illae
899 2013 938 2074 ab
955 2029 1070 2074 occasu
1084 2015 1113 2073 in

140 2106 236 2157 ortum
253 2104 324 2159 eunt
340 2104 370 2156 et
381 2096 419 2156 ob
434 2095 493 2156 hoc
507 2096 623 2170 duplex
636 2096 683 2155 his
696 2105 795 2157 motus
808 2104 862 2170 est,
881 2098 940 2170 ille,
957 2114 1018 2173 quo
1031 2105 1112 2168 eunt,

140 2180 247 2251 ethic,
272 2196 333 2253 quo
351 2181 538 2239 auferuntur.

112 2269 127 2320 1
201 2262 291 2321 XXll.
320 2262 397 2336 Ego
426 2263 576 2322 nostris
605 2279 676 2322 non
706 2263 926 2323 adsentior:
953 2264 1112 2323 nonenim

139 2345 279 2405 existimo
302 2352 440 2405 cometen
462 2343 652 2406 subitaneum
674 2347 788 2420 ignem,
817 2345 874 2405 sed
893 2347 971 2406 inter
991 2354 1113 2406 aeterna

139 2444 235 2503 opera
256 2435 390 2489 naturae.
429 2428 561 2488 Primum
583 2445 794 2506 quaecumque
815 2444 868 2488 aer
889 2437 986 2501 creat,
1009 2429 1114 2489 brevia

140 2521 219 2573 sunt.
248 2521 415 2574 nascuntur
436 2513 515 2572 enim
536 2511 566 2571 in
581 2529 614 2572 re
630 2514 728 2587 fugaci
744 2521 773 2573 et
787 2512 931 2572 mutabili.
957 2513 1113 2588 quomodo

141 2604 242 2670 potest
256 2597 370 2671 aliquid
388 2597 417 2656 in
433 2599 503 2656 aere
517 2596 569 2657 diu
585 2611 763 2670 permanere
777 2595 873 2667 idem,
895 2613 964 2657 cum
979 2595 1048 2671 ipse
1063 2611 1115 2656 aer

141 2696 305 2755 numquam
327 2680 406 2739 idem
430 2680 482 2740 diu
502 2687 645 2740 maneat?
673 2678 739 2740 fluit
759 2695 880 2754 semper
901 2687 931 2740 et
948 2679 1051 2740 brevis
1074 2679 1115 2738 illi

141 2765 228 2835 quies
245 2772 300 2823 est.
323 2765 401 2823 intra
415 2765 558 2837 exiguum
573 2772 757 2824 momentum
769 2762 798 2822 in
811 2763 903 2822 alium
916 2779 1007 2839 quam
1019 2764 1115 2824 luerat

141 2853 249 2906 statum
265 2847 403 2907 vertitur:
427 2863 508 2907 nunc
524 2849 660 2922 pluvius,
681 2862 762 2908 nunc
777 2862 922 2921 serenus,
945 2847 1115 2907 nuncinter

139 2937 302 3002 utrumque
322 2930 433 2990 varius.
463 2931 575 3002 nubes,
600 2947 679 3007 quae
699 2930 740 2992 illi
764 2929 1018 2991 familiarissimae
1035 2935 1113 3002 sunt,

140 3012 267 3095 inques
290 3013 350 3073 coit
370 3019 400 3072 et
421 3030 460 3073 ex
483 3015 593 3090 quibus
616 3013 752 3088 solvitur,
773 3015 865 3074 modo
882 3018 1113 3089 congregantur,

141 3095 233 3154 modo
255 3096 439 3170 digeruntur,
469 3115 634 3174 numquam
655 3098 787 3160 inmotae
809 3099 917 3159 iacent.
957 3097 1036 3158 Fieri
1055 3112 1114 3157 uon

142 3186 258 3254 potest,
282 3187 315 3238 ut
330 3179 408 3253 ignis
425 3189 526 3241 certus
540 3183 569 3241 in
583 3198 713 3257 corpore
725 3199 804 3257 vago
816 3183 923 3243 sedeat
932 3189 963 3259 et
973 3187 1035 3240 tarn
1046 3195 1114 3255 per-

140 3263 279 3323 tinaciter
295 3263 418 3323 haereat
434 3280 523 3336 quarn
540 3282 619 3341 quae
634 3275 756 3340 natura,
779 3280 817 3325 ne
833 3281 979 3340 umquam
993 3271 1114 3324 excute-

113 3354 253 3420 arentur,
270 3347 393 3422 aptavit.
429 3347 545 3408 Deinde
560 3351 585 3409 si
600 3351 740 3411 alimento
753 3365 810 3410 suo
822 3348 976 3419 haereret,
992 3361 1115 3422 semper

143 3431 354 3492 descenderet.
378 3447 414 3492 eo
431 3431 511 3491 enim
526 3434 660 3494 crassior
671 3441 718 3495 est
728 3448 789 3509 aer,
804 3449 866 3508 quo
879 3433 967 3492 terris
979 3431 1117 3506 propior.
