2364 3840
122 180 187 244 236
412 180 445 238 L.
468 180 613 239 nnllam
635 179 811 241 SENECAE

124 338 219 408 illam,
243 333 366 410 quaein
383 332 622 407 conflagratione
636 333 748 393 nostris
763 334 879 408 placet,
899 333 959 394 huc
975 351 1098 410 quoque

122 419 365 479 transferendam
386 425 475 492 puto:
504 418 570 476 sive
591 417 691 477 anima
714 423 761 477 est
778 417 926 492 mundus,
948 418 1016 477 sive
1031 435 1095 479 cor·

124 520 183 577 pus
199 509 308 562 natura
321 501 533 576 gubernabile‚
557 508 589 560 ut
603 501 730 560 arbores
745 508 868 574 eisaie,
882 502 922 561 ab
934 501 1019 562 initio
1032 504 1098 562 eius

122 603 223 660 usque
243 587 282 645 ad
304 587 418 645 exitum
438 583 582 659 quicquid
601 585 719 655 lacere,
741 583 887 659 quiequid
901 586 964 659 pati
979 585 1098 659 debeat,

89 671 270 731 3inclusum
292 676 348 728 est.
390 667 478 728 Utin
503 668 619 729 semine
641 667 739 727 omnis
765 668 856 727 futuri
872 667 1006 728 hominis
1021 671 1097 729 ratio

122 752 335 827 conprehensa
355 759 403 810 est
423 758 453 817 et
473 753 571 824 legem
592 750 706 810 barbae
731 766 939 826 canorurnque
963 755 1097 813 nondum

121 844 210 897 natus
225 836 325 894 inians
337 833 437 905 habet,
452 832 545 892 totius
559 834 637 892 enim
650 835 790 908 corporis
802 841 832 894 et
842 837 1001 909 sequentis
1013 846 1096 897 aetus

120 921 151 978 in
174 935 269 993 parvo
292 917 475 991 occultoque
497 916 679 976 lineamenta
701 928 791 978 sunt:
819 918 865 978 sic
886 918 974 993 origo
993 921 1096 980 mundi

121 1018 182 1062 non
197 1003 296 1060 minus
312 1002 408 1060 solem
425 1009 455 1059 ct
469 999 569 1060 lunam
585 1001 714 1060 etvices
730 1001 863 1061 siderum
879 1008 910 1061 et
924 1004 1096 1064 animalium

122 1094 207 1145 ortus
230 1101 321 1158 quam
344 1084 456 1158 quibus
478 1090 664 1143 mutarentur
683 1092 804 1144 terrena
824 1086 982 1146 continuit.
1004 1088 1036 1146 in
1051 1087 1096 1146 his

121 1169 177 1228 luit
190 1169 362 1241 inundatio,
387 1183 466 1243 quae
479 1183 540 1227 non
553 1184 645 1227 secus
658 1184 750 1242 quam
760 1168 874 1241 hiems,
891 1184 985 1244 quam
996 1178 1094 1230 aestas

87 1263 105 1315 4
119 1254 188 1328 lege
209 1253 314 1311 mundi
329 1253 419 1312 venit.
458 1252 563 1325 ltaque
577 1265 638 1309 non
655 1250 758 1326 pluvia
772 1250 854 1311 istud
869 1251 937 1325 fiet,
959 1254 1018 1313 scd
1034 1256 1094 1329 plu-

120 1338 170 1396 via
191 1353 330 1412 quoque,
353 1351 415 1394 non
435 1336 560 1393 incursu
582 1334 690 1408 maris,
713 1334 769 1393 sed
791 1333 883 1394 maris
905 1351 1032 1411 qnoque
1054 1337 1093 1395 in-

120 1435 227 1494 cursu,
248 1436 308 1478 non
324 1427 423 1478 terrae
437 1427 536 1490 motu,
554 1418 611 1477 sed
623 1426 721 1477 terrae
733 1433 858 1492 quoque
870 1425 965 1479 motu.
993 1417 1094 1479 Omnia

119 1502 307 1563 adiuvabant
326 1509 478 1573 naturam,
506 1509 539 1560 ut
563 1501 728 1560 constituta
752 1509 879 1562 naturae
903 1510 1093 1578 peragantur.

119 1586 281 1644 maximam
302 1592 403 1644 tamen
424 1599 548 1643 causam
568 1584 608 1642 ad
629 1600 663 1644 se
684 1585 890 1644 inundandam
909 1593 991 1645 terra
1006 1589 1092 1662 [ipsa]

119 1667 301 1743 praestabit,
324 1683 415 1742 quam
436 1667 568 1726 diximus
583 1683 654 1727 esse
669 1667 842 1728 mutabilem
856 1675 887 1728 et
901 1670 982 1729 solvi
997 1671 1028 1729 in
1041 1671 1093 1730 hu·

88 1759 105 1809 5
120 1766 246 1810 morem.
281 1751 362 1825 Ergo
379 1751 637 1826 quandocumque
652 1753 709 1812 erit
723 1746 868 1812 terminus
882 1752 977 1813 rebus
992 1753 1094 1815 huma·

120 1835 182 1906 nis,
210 1851 279 1894 curn
300 1841 403 1910 partes
425 1835 491 1894 eius
512 1835 633 1895 interire
654 1834 814 1895 debuerint
833 1835 1015 1911 abolerique
1031 1838 1092 1898 lun·

120 1920 200 1978 ditus
223 1926 319 1992 totae,
342 1926 375 1978 ut
391 1919 430 1977 de
447 1919 563 1992 integro
578 1926 659 1978 totae
673 1919 768 1978 rudes
783 1919 992 1995 innoxiaeque
1006 1937 1093 1996 gene-

119 2011 222 2062 rentur
247 2018 305 2061 nec
331 2003 466 2077 supersit
489 2002 520 2060 in
545 2002 696 2062 deteriora
722 2010 919 2078 praeceptor:
949 2005 1021 2079 plus
1045 2005 1095 2063 liet

118 2085 256 2145 humoris
278 2102 369 2159 quam
390 2100 513 2160 semper
534 2085 598 2145 luit.
629 2101 710 2144 nunc
732 2086 811 2143 enim
831 2088 982 2147 elementa
1002 2087 1093 2158 adid,

120 2168 204 2240 quod
227 2168 369 2239 debetur,
392 2182 488 2242 pensa
508 2176 593 2227 sunt:
622 2169 735 2243 aliquid
759 2176 880 2243 oportet
896 2170 985 2230 alteri
1000 2171 1092 2240 cedat,

118 2258 151 2310 ut
173 2266 252 2324 quae
273 2250 451 2309 libramento
474 2257 568 2322 stant,
596 2251 795 2325 inaequalitas
821 2253 942 2314 turbet:
969 2254 1094 2314 accedet

118 2333 227 2391 humor
242 2332 369 2391 humori.
392 2349 472 2391 nuno
486 2333 566 2391 enirn
582 2333 690 2407 habet,
707 2351 767 2410 quo
779 2333 893 2396 ambiat
902 2343 1017 2412 terrm,
1034 2353 1092 2398 non

119 2433 180 2491 quo
204 2416 320 2476 obruat.
350 2415 560 2491 quiequida'lli
581 2417 746 2490 adieceris,
769 2434 901 2479 necesse
915 2427 963 2481 est
977 2420 1009 2481 in
1024 2419 1092 2481 alie-

86 2506 102 2559 6
118 2517 189 2560 num
210 2502 310 2560 locum
329 2501 471 2560 exundet.
505 2501 585 2559 Vide
600 2517 689 2575 ergo,
710 2519 748 2562 ne
762 2509 843 2561 terra
856 2503 970 2565 lrabeat
984 2505 1092 2574 minus,

117 2592 150 2645 ut
171 2582 311 2645 validiori
330 2583 449 2643 infirma
470 2585 657 2645 succumbat.
679 2585 803 2659 incipiet
817 2601 891 2660 ergo
906 2594 1091 2662 putrescere,

118 2668 229 2728 dehinc
250 2669 350 2728 laxata
371 2670 415 2728 ire
436 2668 466 2726 in
488 2668 646 2729 humorem
666 2676 696 2729 et
714 2668 845 2728 adsidua
860 2670 931 2730 tabe
945 2669 1092 2731 defluere.

116 2759 189 2810 tanc
203 2752 345 2810 exsilient
359 2752 417 2811 suh
432 2751 584 2811 montibus
601 2751 726 2811 flumina
738 2753 890 2828 ipsosque
900 2752 1008 2829 inpetu
1020 2771 1092 2829 qua·

84 2840 100 2894 7
115 2833 202 2891 liant:
226 2833 297 2892 inde
312 2850 386 2894 aura
400 2840 479 2894 tacta
489 2835 663 2895 manabunt.
698 2834 804 2896 Solum
815 2851 905 2897 omne
915 2853 1016 2912 aquas
1026 2837 1091 2897 red·

117 2914 182 2984 det,
206 2916 315 2973 summi
337 2917 503 2978 scaturient
522 2925 651 2978 montes.
686 2919 765 2978 sicut
784 2919 814 2977 in
835 2920 975 2981 morbum
996 2928 1092 2981 trans·

116 3003 189 3056 eunt
203 3012 280 3056 sana
294 3005 323 3056 et
338 3000 432 3058 ulceri
446 2999 547 3059 vicina
562 3002 769 3076 consentiunt,
790 3011 823 3064 ut
835 3005 979 3080 quaeque¹
991 3004 1091 3079 proxi-

115 3096 164 3137 ma
179 3081 267 3139 terris
285 3079 448 3141 liuentibus
461 3083 586 3156 luerint,
609 3085 756 3160 eluantur,
771 3086 928 3148 stillabunt
938 3093 970 3147 et
981 3087 1090 3147 deinde

116 3170 238 3222 current
256 3171 287 3222 et
300 3163 402 3222 hiante
418 3166 555 3237 pluribus
574 3168 650 3228 locis
667 3184 744 3229 saxo
762 3186 819 3244 por
835 3169 945 3229 iratum
960 3170 1050 3230 saliet
1063 3176 1091 3229 et

115 3246 210 3304 maria
231 3246 308 3304 inter
327 3260 362 3304 se
382 3255 545 3320 conponat.
574 3251 647 3311 nihil
669 3259 756 3311 erunt
774 3252 885 3326 Adria,
908 3252 981 3312 nihil
998 3252 1089 3313 Siculi

114 3329 206 3387 maris
227 3329 349 3400 lauces,
373 3328 444 3386 nihil
468 3330 653 3408 Charybdis
677 3334 748 3394 nihil
767 3334 888 3412 Scylla:
912 3352 1020 3397 omnes
1036 3351 1088 3395 no·

114 3429 185 3470 vum
203 3427 286 3470 mare
303 3412 421 3471 fabulas
438 3414 546 3473 obruet
560 3423 590 3474 et
604 3415 669 3490 hic,
690 3419 741 3492 qui
759 3426 853 3478 terras
870 3418 978 3496 cingit,
1001 3433 1088 3481 occa·
