2364 3840
127 182 189 247 lla
423 184 456 244 1.
478 183 625 243 1111111111
646 148 822 244 sannone

125 353 187 399 non
215 338 342 398 interius
370 335 580 405 absconderit,
611 335 695 409 quod
720 350 780 394 non
806 335 865 394 illis
890 333 991 396 maius
1015 352 1104 412 quam

126 423 210 498 quod
227 421 344 481 detrahi
360 428 469 494 posset
483 419 605 494 pondus
619 419 771 478 iniecerit:
795 418 870 493 quid
885 427 958 480 sunt
971 419 1051 480 istae
1063 429 1103 482 ta·

124 506 230 578 boiae,
248 505 322 580 quid
338 505 571 578 conputationes
587 511 617 563 ct
632 503 740 561 venale
757 509 880 576 tempus
894 508 925 561 et
940 503 1102 578 sanguino·

124 589 226 648 lentae
255 587 462 649 centesimae?
503 586 674 646 voluntaria
706 585 787 644 mala
816 601 855 645 ex
889 588 1103 648 constitutione

126 681 233 733 nostra
244 671 425 746 pendentia,
441 670 470 728 in
489 669 600 744 quibus
615 669 688 728 nihil
703 676 750 729 est
766 668 865 743 quod,
882 671 982 730 subici
998 670 1102 744 oculis,

91 772 107 822 s
126 756 211 832 quod
225 755 321 815 teneri
337 769 427 812 manu
441 753 555 828 possit,
579 751 677 812 inanis
692 753 836 812 avaritiae
850 754 980 813 somnia.
1011 754 1035 814 0
1052 754 1102 813 mi-

125 855 243 911 serum,
266 839 292 896 si
315 851 406 910 quem
428 837 558 896 delectat
582 836 752 909 patrimonii
774 836 821 896 sui
839 837 916 896 liber
931 852 1062 912 magnus
1075 844 1102 897 et

124 929 211 982 vasta
236 921 337 994 spatia
361 927 508 980 terrarum
536 920 666 979 colenda
698 935 753 994 per
775 918 896 980 vinctos
917 929 950 981 et
973 921 1100 982 inmensi

122 1020 232 1079 greges
255 1019 401 1077 pecorum
422 1019 478 1077 per
499 1004 673 1077 provincias
689 1019 726 1063 ac
740 1018 835 1078 regna
851 1005 1002 1078 pascendi
1017 1014 1046 1066 et
1061 1006 1074 1063 l
1089 1037 1099 1046 -

122 1086 205 1146 milia
220 1087 376 1147 bellicosis
391 1087 567 1147 nationibus
583 1086 680 1146 maior
692 1095 722 1146 et
737 1086 878 1146 aedificia
892 1089 1016 1161 privata
1028 1088 1099 1148 laxi-

91 1177 107 1230 6
123 1178 213 1231 tatem
229 1170 349 1231 urbium
370 1186 548 1245 magnarum
570 1171 739 1230 vincentia!
770 1170 843 1230 Cum
856 1169 937 1230 bene
950 1171 1027 1243 ista,
1049 1187 1100 1247 per

124 1271 204 1329 quae
220 1256 342 1315 divitias
358 1271 432 1314 suas
448 1253 604 1329 disposuit
617 1269 654 1313 ac
669 1255 760 1325 ludit,
784 1254 1038 1343 circumspexerit
1053 1273 1098 1315 su·

122 1339 317 1413 pomumque
333 1355 367 1398 se
383 1338 502 1408 iecerit,
524 1337 565 1407 si,
587 1337 734 1411 quicquid
747 1336 854 1407 habet,
876 1337 904 1397 ei
921 1339 1007 1412 quod
1019 1338 1100 1414 cupit

122 1429 287 1496 conparet,
314 1438 433 1495 pauper
453 1426 510 1479 est.
549 1420 669 1480 Dimitte
690 1437 738 1480 me
761 1428 791 1480 et
810 1420 869 1481 illis
891 1421 1006 1484 divitiis
1026 1424 1098 1482 meis

120 1505 227 1566 redde.
264 1521 321 1579 ego
342 1520 470 1577 regnum
486 1504 653 1577 sapientiae
668 1505 753 1575 novi,
776 1521 932 1579 magnum,
949 1522 1098 1567 securum.

120 1605 178 1664 ego
194 1589 239 1647 sic
254 1588 356 1647 omnia
371 1587 485 1658 habeo,
500 1595 532 1647 ut
549 1587 683 1647 omnium
696 1588 785 1646 sint.“

89 1685 103 1734 1
181 1672 231 1729 XI.
259 1671 365 1744 Itaque
386 1686 454 1730 cum
470 1671 583 1730 Caesar
604 1670 647 1729 illi
670 1672 801 1730 ducenta
822 1671 968 1746 donaret,
994 1673 1097 1733 ridens

119 1754 223 1812 reiecit
242 1769 299 1813 nec
322 1754 443 1827 dignam
466 1755 589 1827 quidem
615 1770 763 1814 summam
778 1754 934 1830 iudicans,
959 1773 1022 1831 qua
1040 1773 1097 1817 non

119 1844 247 1911 accepta
271 1838 460 1912 gloriaretur.
501 1839 537 1897 Di
563 1839 727 1913 deaeque,
761 1854 852 1913 quam
880 1840 994 1913 pusillo
1018 1841 1096 1900 illum

87 1931 103 1982 2
120 1922 221 1982 animo
237 1929 289 1982 aut
303 1922 456 1982 honorare
473 1922 567 1981 voluit
581 1929 634 1981 aut
649 1929 859 1997 corrumpere!
894 1923 1096 1984 Reddendum

119 2006 241 2079 egregio
265 2007 330 2066 viro
352 2005 559 2066 testimonium
581 2013 636 2068 est.
665 2006 818 2079 ingentem
833 2020 897 2064 rem
915 2007 954 2066 ab
970 2007 1023 2068 illo
1039 2006 1095 2067 dici

119 2087 238 2162 audivi,
255 2105 323 2147 cum
337 2089 497 2147 miraretur
515 2089 578 2148 Caii
594 2088 791 2161 dementiam,
808 2090 891 2163 quod
907 2105 943 2149 se
958 2097 1095 2164 putasset

117 2172 192 2229 tanti
212 2187 308 2244 posse
330 2171 447 2230 mutari.
478 2175 506 2230 si
523 2179 685 2247 temptare,
703 2173 814 2247 inquit,
836 2190 883 2233 me
895 2178 1093 2246 constituerat,

118 2260 174 2312 toto
188 2256 234 2313 itte·
242 2254 295 2326 fui
302 2257 502 2328 experiendus
513 2258 645 2329 imperio.

86 2346 101 2398 l
180 2336 243 2394 Xll.
268 2336 405 2411 Sapienti
423 2353 496 2411 ergo
513 2339 621 2398 donari
635 2339 751 2413 aliquid
766 2347 881 2414 potest,
904 2340 1024 2401 etiamsi
1049 2356 1092 2400 sa·

118 2419 228 2493 pientis
244 2421 346 2482 omnia
359 2429 438 2481 sunt.
458 2438 558 2496 aeque
572 2422 644 2480 nihil
660 2422 890 2497 p1·ohibet,cum
906 2425 1009 2484 omnia
1023 2423 1092 2484 ami-

118 2505 162 2562 cis
187 2504 325 2565 dicamus
346 2521 417 2564 esse
439 2506 625 2578 communia,
644 2506 760 2579 aliquid
780 2509 879 2567 amico
894 2507 1012 2568 donari.
1035 2523 1091 2568 non

117 2588 196 2647 enim
211 2590 282 2648 mihi
296 2589 341 2649 sic
356 2607 425 2650 cum
436 2588 534 2649 amico
547 2590 719 2649 communia
730 2591 832 2649 omnia
846 2599 924 2664 sunt,
939 2592 1091 2665 quomodo

117 2687 185 2730 cum
206 2675 307 2744 socio,
333 2681 366 2733 ut
387 2689 460 2748 pars
483 2690 551 2732 mea
572 2674 623 2746 sit,
645 2689 716 2747 pars
736 2672 831 2744 illius,
859 2674 916 2733 sed
938 2675 1091 2748 quomodo

116 2756 193 2828 patri
218 2757 367 2830 matrique
388 2773 566 2816 communes
587 2756 673 2815 liberi
697 2765 776 2817 sunt.
806 2757 917 2831 quibus
941 2773 1011 2817 cum
1033 2759 1090 2819 duo

116 2845 201 2909 sunt,
227 2855 288 2897 non
317 2839 428 2914 singuli
456 2841 594 2914 singulos
622 2839 749 2912 habent,
777 2841 834 2899 sed
860 2841 972 2916 singuli
992 2841 1091 2902 binos.

85 2921 244 2982 2Primum
266 2923 399 2982 omnium
422 2924 482 2982 iam
506 2924 652 2995 efficiam,
673 2932 707 2983 ut
725 2924 866 2998 quisquis
885 2932 933 2984 est
947 2923 1022 2999 iste,
1042 2925 1090 2999 qui

113 3020 162 3064 mc
174 3005 203 3062 in
220 3007 395 3065 societatem
409 3014 508 3079 vocat,
526 3009 602 3067 sciat
619 3022 654 3065 sc
665 3007 739 3067 nihil
753 3022 871 3067 mecum
883 3007 998 3068 habere
1011 3024 1090 3070 com·

113 3104 214 3147 mune.
247 3097 363 3163 quare?
390 3091 461 3164 quia
484 3091 543 3151 hoc
559 3091 746 3151 consortium
760 3092 860 3150 solum
878 3091 956 3150 inter
971 3092 1091 3167 sapien·

113 3180 160 3231 tes
175 3179 236 3246 est,
262 3174 338 3232 inter
361 3191 440 3249 quos
461 3174 592 3234 amicitia
615 3181 671 3233 est.
704 3175 797 3233 ceteri
812 3190 872 3233 non
890 3176 988 3250 magis
1004 3173 1091 3235 amici

84 3263 184 3315 esunt
200 3274 289 3330 quam
306 3259 392 3318 socii.
419 3258 537 3318 Deinde
552 3258 690 3330 pluribus
707 3258 807 3317 modis
823 3260 995 3320 communia
1012 3266 1091 3320 sunt.

111 3339 273 3414 Equestria
289 3343 423 3402 omnium
438 3341 572 3415 equitum
588 3343 793 3401 Romanorum
810 3349 889 3402 suut.
920 3343 951 3402 in
971 3343 1032 3404 illis
1049 3349 1091 3404 ta·

112 3441 181 3483 men
200 3427 287 3484 locus
303 3441 389 3484 meus
407 3425 614 3498 improprius,
631 3442 722 3500 quem
739 3426 896 3500 occupavi.
924 3427 985 3486 hoc
1001 3422 1092 3488 sicui

113 3510 210 3582 cessi,
236 3508 375 3581 quamvis
396 3505 440 3566 illi
455 3509 607 3568 communi
622 3525 655 3569 re
672 3509 832 3591 cesserim,
857 3507 1092 3586 tamenaliquid
