2364 3840
155 199 178 259 2
439 196 472 254 L.
494 195 640 254 ANNAEI
663 195 837 256 SENECAE

155 349 255 409 tiones
270 347 438 418 simulavit,
460 347 560 421 longis
576 347 770 406 sermonibus
792 348 879 407 etde
899 351 1057 412 industria
1078 373 1142 417 non

155 430 377 491 invenientibus
390 430 503 489 exitum
517 429 713 489 occasionem
722 429 850 504 petendi
862 431 987 494 abstulit
998 445 1029 497 et
1043 441 1142 498 variis

123 517 269 578 oartibus
285 513 487 573 necessitates
507 513 698 587 properantis
715 512 825 571 elnsltr
853 514 884 571 ln
905 528 1040 590 angusto
1063 539 1142 582 vero

156 614 345 674 conpressus
369 604 419 656 aut
439 595 568 668 distulit,
590 596 688 655 idest
708 593 811 654 timide
832 599 969 672 negavit,
992 612 1047 662 aut
1065 622 1140 679 pro·

155 684 251 757 misit,
274 681 331 739 sed
351 679 527 751 difficulter,
544 679 601 738 sed
614 678 773 747 subductis
789 681 980 763 superciliis,
997 688 1058 747 sed
1074 705 1138 748 ma·

124 773 139 827 i
155 767 246 839 lignis
261 772 291 822 et
306 764 359 821 vix
377 760 559 822 exeuntibus
575 762 699 821 verbis?
712 752 812 823 Nemo
825 762 925 823 ainem
937 766 1073 829 liliente'r
1083 773 1138 831 de

155 850 207 907 bet
227 847 311 922 quod
326 862 387 905 non
409 847 540 919 accepit,
564 846 621 904 sed
641 848 803 921 expressit.
847 856 952 920 gratus
979 851 1140 914 adversus

156 947 225 990 eum
242 946 313 990 esse
330 927 493 1004 quisquam
514 935 629 1003 potest,
653 928 903 1003 quideneficium
924 941 976 991 aut
996 938 1138 1009 superbe

157 1014 266 1074 abiecit
281 1020 333 1072 aut
347 1013 441 1071 iratus
456 1012 573 1087 inpegit
594 1020 646 1072 aut
665 1012 821 1085 fatigatus,
843 1022 876 1072 ut
891 1017 1033 1076 molestia
1050 1035 1137 1079 care·

156 1105 216 1168 ret,
232 1097 336 1155 dediti
356 1095 458 1168 Errat,
475 1097 500 1155 si
517 1095 586 1170 quis
599 1103 704 1169 sperat
717 1111 939 1169 responsurum
954 1099 1024 1172 sibl,
1040 1119 1136 1176 quem

123 1179 299 1240 collatione
325 1178 468 1251 lassavit,
492 1177 723 1253 exspectatione
744 1180 840 1239 torsit.
884 1179 1004 1241 Eodem
1029 1187 1138 1247 animo

156 1263 336 1323 beneficium
343 1263 480 1335 debetur,
490 1274 558 1337 'quo
566 1262 663 1337 datur,
679 1270 708 1322 et
719 1261 789 1322 ideo
802 1274 862 1322 non
875 1272 922 1324 est
933 1264 1139 1340 neglegenter

156 1346 304 1421 dandum,
327 1346 386 1406 sibi
407 1348 486 1404 enim
509 1347 641 1421 quisque
659 1345 751 1405 debet
772 1346 855 1421 quod
875 1348 1069 1410 aneseiente
1083 1368 1136 1412 ac-

156 1431 244 1505 cepit.
272 1445 311 1488 ne
328 1428 414 1490 tarde
430 1429 567 1503 quidem,
584 1431 670 1504 quia,
685 1445 754 1488 eum
768 1430 896 1491 inomni
909 1430 1015 1492 olflcio
1028 1436 1136 1509 magni

155 1514 330 1572 aestimetur
357 1512 457 1571 dantis
483 1513 638 1586 voluntas,
660 1512 712 1588 qui
734 1513 819 1573 tarde
841 1515 927 1586 lacit,
950 1515 1005 1574 diu
1023 1519 1136 1580 noluit.

153 1597 259 1673 utique
274 1613 336 1656 non
352 1596 586 1655 contumeliosa
607 1612 677 1656 nam
699 1612 767 1658 cum
788 1596 829 1657 ita
852 1605 998 1658 enatura
1012 1615 1136 1676 conpa-

153 1689 249 1740 ratum
267 1679 320 1747 sil‚
342 1687 377 1739 ut
391 1679 480 1739 altius
493 1678 624 1740 iniuriae
646 1690 737 1755 quam
758 1681 866 1741 merita
887 1682 1081 1744 descendant
1103 1693 1136 1746 et

154 1764 204 1822 illa
220 1764 279 1823 cito
296 1761 447 1834 defluant,
466 1760 522 1822 has
534 1768 629 1823 tonale
642 1765 789 1824 memoria
804 1763 970 1836 custodiat,
988 1766 1067 1840 quid
1077 1784 1135 1828 ex·

155 1854 287 1921 spectat,
311 1845 363 1920 qui
379 1845 520 1919 offendit,
538 1847 610 1907 dam
626 1848 759 1922 obligati
780 1849 854 1908 satis
872 1847 1023 1907 adversus
1044 1850 1134 1911 illum

123 1943 140 1997 9
154 1937 258 2004 gratus
274 1937 335 2003 est,
359 1931 385 1989 si
402 1930 470 2004 quis
485 1929 635 1991 beneficio
646 1932 717 1991 eius
732 1931 873 2006 ignoscit.
891 1928 973 1988 uon
985 1940 1050 1991 est
1071 1950 1133 1995 au-

153 2021 224 2072 tem
241 2013 342 2088 quod
362 2013 562 2075 tardiores
583 2015 705 2081 iaciat
726 2012 773 2073 ad
794 2013 890 2070 liene
905 2015 1134 2076 merendum

154 2092 268 2157 turba
288 2096 538 2170 ingratorum.
560 2092 634 2157 Nam
651 2096 797 2172 primum,
817 2098 852 2153 u't
867 2092 944 2168 dixi,
968 2107 1027 2156 nos
1047 2099 1133 2159 iliam

154 2176 317 2253 augemus:
343 2178 453 2238 deinde
467 2181 598 2242 ne‘deos
615 2180 739 2256 quidem
752 2176 928 2237 inmortales
944 2179 982 2238 ab
993 2180 1055 2241 hac
1063 2189 1133 2245 tam

153 2260 253 2339 effusa
274 2260 451 2337 benignitate
468 2264 608 2338 sacrilegi
618 2262 882 2336 'neglegentesque
897 2277 1007 2321 eorum
1023 2265 1133 2325 deter-

154 2354 230 2406 rent.
259 2352 386 2407 utuntur
407 2353 515 2407 natura
536 2362 593 2406 saa
612 2354 648 2404 et
666 2352 783 2404 ¹cuneta
807 2343 945 2420 inteique
965 2344 1017 2406 illa
1037 2348 1131 2420 ipsos
1175 2394 1177 2401 Α

153 2434 312 2488 munerum
332 2424 456 2490 suorum
471 2430 568 2489 malos
584 2429 768 2501 interpretes
782 2427 895 2487 iuvant.
927 2429 996 2489 llos
1009 2438 1131 2504 sequa-

153 2528 222 2575 mur
236 2513 347 2586 duce's,
370 2522 515 2588 quantum
528 2504 857 2593 'hnmana'inireolllltas
867 2510 1131 2586 patiturz‘demus

153 2594 316 2670 lienelici'a,
330 2590 400 2656 non
417 2598 601 2655 feneremus.
629 2589 751 2667 orgum
771 2604 818 2655 ost
835 2588 937 2670 decipi
953 2595 1005 2669 q'ui
1020 2596 1062 2654 de
1077 2606 1130 2658 re

114 2674 294 2754 loclp‘lentlo
317 2676 473 2754 cogitant,
496 2674 564 2737 ciiiir
578 2676 673 2735 dar'et.
716 2673 757 2737 At
771 2675 853 2737 'maie
875 2676 1017 2738 cesserit:
1037 2681 1131 2740 etli-

152 2763 217 2822 beri
234 2770 264 2821 et
278 2756 373 2824 coniu'
390 2772 424 2822 es
440 2758 527 2837 s'pe'm
543 2755 728 2830 fefellerunt,
749 2764 895 2821 tamenet
911 2762 1130 2829 educamuset

152 2838 301 2925 du‘olmus.
339 2780 481 2919 atticoque
493 2843 644 2902 aduersus
658 2840 867 2918 eripdrlirienta
883 2842 1129 2919 peitlnace's‘su·

151 2942 234 3002 mus,
257 2924 291 2990 ut
303 2928 384 2988 bello
399 2924 514 2994 diotiet
527 2922 775 3002 naullaglsmalia
794 2931 985 3002 repetamus:
999 2930 1129 3002 'quanto

151 3006 249 3088 ma'gis
258 3004 487 3089 permanerem
504 3006 783 3071 dan'dis'benefieiis
795 3012 905 3071 decet?
922 3012 1039 3086 quaesi
1052 3013 1129 3087 quis

151 3090 213 3157 'lion
228 3096 294 3170 dat,
319 3091 467 3171 qaia-non
484 3088 616 3168 recepit,
640 3094 723 3154 dedit
735 3103 768 3154 ut
776 3094 932 3169 'reciperet
947 3094 1130 3172 bonamque

150 3178 336 3255 ingratorum
346 3164 428 3236 'aeli
443 3182 580 3250 oausam,
606 3177 716 3253 quibus
737 3176 791 3259 uta
809 3179 940 3249 demum]
962 3186 1052 3252 turpe
1072 3177 1130 3241 'est

111 3254 420 3332 iinonieddem,'si
436 3258 515 3321 licei.
548 3260 642 3334 Quam
657 3260 742 3320 multi
756 3258 871 3336 indigni
891 3261 959 3320 luce
981 3258 1075 3320 sdritt
1096 3274 1128 3326 et
1175 3282 1177 3293 ⁴

149 3344 332 3407 tamen‘dies
348 3341 451 3404 oritur.
474 3337 568 3418 Quam
583 3345 665 3404 multi
681 3345 763 3420 quod
777 3344 921 3404 nati'su'rit
933 3348 1129 3418 queruntur?

150 3424 250 3505 minati
265 3427 531 3489 natura'sobolem
550 3430 660 3488 notiam
682 3428 776 3503 gignit
788 3429 961 3503 ipsosque,
989 3430 1041 3502 qui
1060 3447 1126 3492 non
