2364 3840
247 185 387 246 NATUR.
404 183 564 258 QUAEST.
586 185 736 247 LlB.v11.
755 193 887 251 30-32.
992 186 1054 253 317

75 356 140 401 uon
163 336 337 412 promiscue
357 351 414 394 nec
430 334 569 394 omnibus
587 342 704 408 patent:
726 337 853 396 reducta
867 343 897 396 et
909 337 1053 399 interiore

74 421 215 487 sacrario
237 420 342 478 clausa
364 426 443 478 sunt.
475 433 513 476 ex
530 418 640 491 quibus
657 419 740 478 aliud
755 419 831 478 haec
846 428 947 492 aetas,
969 421 1053 482 aliud

76 521 160 582 quae
177 511 247 577 post
262 518 320 561 nos
335 501 462 573 subibit,
484 500 631 574 dispiciet.

139 587 245 647 xxltt.
274 585 400 658 Quando
422 600 495 658 ergo
517 583 575 644 ista
596 584 626 643 in
642 583 775 645 notitiam
790 594 925 646 nostram
942 588 1077 663 perdut

74 677 206 733 centur?
236 669 334 728 Tarde
350 683 458 742 magna
473 668 670 742 proveniunt,
684 668 790 743 utiquc
805 668 831 730 si
843 671 929 733 labor
940 679 1051 732 cessat.

76 755 113 815 ld
134 753 218 829 quod
239 769 331 812 unum
354 759 417 811 toto
435 752 554 825 agimus
569 752 684 824 animo,
707 751 841 812 nondum
857 754 1051 829 perfecimus,

76 847 110 899 ut
127 836 252 913 pessimi
268 850 417 895 essemus.
446 834 546 893 adhuc
561 835 590 893 in
608 850 760 908 processu
776 836 846 897 vitia
862 845 945 898 sunt:
969 838 1051 896 inve-

78 920 123 981 nlt
141 919 261 979 luxuria
280 918 394 992 aliquid
416 919 502 991 novi,
523 916 554 975 in
572 918 655 992 quod
671 918 811 981 insaniat.
839 921 952 981 invenit
964 922 1051 996 inpu-

77 1003 181 1063 dicitia
196 1018 306 1062 novam
323 1001 535 1060 contumeliam
550 1000 618 1059 sibi.
640 1001 755 1063 invenit
766 1003 941 1065 deliciarum
953 1004 1052 1064 disso-

77 1086 152 1147 lutio
175 1093 205 1145 et
226 1085 313 1144 tabes
335 1084 449 1158 aliquid
468 1083 602 1144 tenerius
627 1085 826 1160 molliusque,
853 1105 915 1161 quo
938 1094 1053 1161 pereat.

77 1168 217 1229 Nondum
242 1169 316 1228 satis
336 1167 430 1226 robur
451 1182 540 1225 omne
561 1168 763 1241 proiecimus:
789 1169 889 1229 adhuc
910 1172 1083 1246 quioquide

76 1260 127 1313 est
144 1251 217 1311 boni
239 1253 348 1323 moris,
375 1249 595 1323 exstinguimus
616 1252 756 1311 laevitate
777 1258 806 1309 el
831 1253 961 1327 politura
986 1270 1051 1313 cor-

77 1351 198 1411 porum.
231 1335 395 1393 muliebres
412 1332 573 1393 munditias
590 1335 821 1394 antecessimus.
855 1337 975 1396 colores
990 1352 1051 1395 me·

78 1418 216 1479 retricios
237 1418 383 1475 matronis
404 1415 527 1491 quidem
548 1432 607 1476 uon
631 1418 803 1478 induendos
818 1419 874 1477 viri
894 1420 1051 1479 sumimus.

78 1508 182 1561 tenero
198 1508 229 1560 et
242 1500 323 1559 molli
339 1501 463 1560 incessu
478 1500 695 1575 suspendimus
710 1503 851 1575 gradum:
871 1519 932 1562 non
947 1503 1052 1562 ambu-

78 1584 191 1656 lamus
207 1584 263 1644 sed
276 1583 454 1644 incedimus.
483 1599 667 1644 exornamus
679 1584 777 1646 anulis
790 1585 913 1660 digitos
929 1584 1052 1646 inomni

77 1667 205 1727 articulo
231 1682 379 1740 gemmam
406 1667 608 1740 disponimus.
655 1669 766 1728 cotidie
797 1669 1082 1742 conminiscimur,3

78 1766 134 1827 por
158 1766 237 1822 quae
260 1751 389 1810 virilitati
410 1752 462 1809 stat
481 1754 604 1822 iniuria,
633 1757 665 1810 nl
684 1753 869 1826 traducatur,
899 1754 969 1830 quia
993 1770 1053 1813 non

78 1840 182 1911 polest
201 1832 286 1894 exui:
310 1834 387 1892 alius
409 1834 549 1907 genitalia
569 1834 697 1903 excidit,
719 1835 796 1894 alius
817 1837 847 1894 in
867 1837 1053 1896 obscoenam

78 1924 195 1994 partem
212 1918 275 1977 ludi
293 1916 368 1991 lugit
383 1925 412 1976 et
427 1919 544 1977 locatus
561 1917 599 1976 ad
614 1924 740 1976 mortem
756 1919 896 1979 infamem
910 1925 1052 1978 armatur.

78 2016 196 2076 egenus
213 2002 301 2061 etiam
317 2001 346 2059 in
363 2016 424 2075 quo
440 2001 577 2061 morbum
594 2017 682 2060 suum
699 2010 855 2075 exerceat,
877 2004 957 2077 legit.

142 2083 260 2144 XXXII.
294 2083 428 2156 Miraris,
463 2085 489 2143 si
519 2084 682 2143 nondum
714 2085 912 2161 sapientia
945 2093 1079 2145 omnel

79 2183 179 2242 opus
207 2184 312 2226 suum
342 2166 533 2310 inplevit?
565 2167 728 2228 nondum
751 2175 832 2229 tota
855 2185 895 2230 sc
917 2169 1052 2244 nequi-

77 2250 134 2311 lia
156 2267 221 2326 pro
231 2251 327 2310 tulit.
355 2268 373 2310 a
397 2251 455 2309 huc
470 2251 605 2311 nascitur
619 2258 650 2311 et
663 2251 732 2310 huic
744 2267 851 2312 omnes
864 2269 989 2327 operam
1001 2253 1053 2311 da·

79 2349 164 2393 mus=
184 2333 254 2393 huic
269 2336 348 2394 oculi
365 2333 475 2406 nostri,
496 2334 566 2393 huic
581 2351 688 2394 nranus
704 2335 856 2396 serviunt:
879 2337 917 2395 ad
933 2337 1052 2412 sapion-

78 2417 150 2476 tiam
174 2418 242 2491 quis
265 2416 404 2476 accedit?
437 2418 505 2490 quis
529 2417 650 2490 dignam
671 2418 798 2490 iudicat,
827 2420 884 2477 nisi
908 2436 997 2492 quarn
1023 2419 1051 2476 in

15 2534 21 2541 -
78 2500 208 2559 transitu
230 2502 368 2560 noverit?
400 2500 467 2575 quis
494 2499 717 2573 philosophiam
740 2508 791 2559 aut
815 2502 906 2561 ullum
929 2501 1053 2561 liberale

78 2584 206 2657 respicit
221 2584 367 2656 studium,
391 2584 448 2642 nisi
465 2599 532 2643 cum
547 2584 609 2645 ludi
621 2584 844 2656 intercalantur‚
860 2599 929 2645 cum
941 2583 1052 2659 aliquis

80 2666 205 2740 pluvius
227 2668 386 2726 intervenit
407 2667 487 2740 dies,
512 2683 600 2740 quem
617 2666 746 2740 perdere
762 2666 855 2726 libet?
888 2667 994 2742 Itaque
1010 2669 1081 2727 tola

80 2750 213 2809 familiae
226 2749 479 2824 philosophorum
491 2750 557 2808 sine
570 2765 752 2809 successore
760 2749 917 2809 deficiunt:
933 2750 1052 2809 Acade-

80 2832 150 2891 mici
171 2840 200 2892 et
219 2840 339 2891 veteres
361 2841 390 2892 et
405 2833 537 2893 minores
553 2832 665 2892 nullum
681 2831 843 2892 antistitem
856 2834 1053 2907 reliquerunt.

82 2916 151 2990 quis
166 2917 276 2990 estqui
292 2916 391 2975 tradat
405 2923 569 2990 praecepta
580 2915 767 2992 Pyrrhonis?
791 2915 994 2992 Pythagorica
1004 2917 1055 2975 illa

81 2998 234 3057 invidiosa
245 3000 351 3058 turbae
365 2999 471 3057 schola
483 3007 712 3074 praeceptorem
722 3014 782 3057 non
796 2998 920 3059 invenit.
935 2999 1052 3060 Sextio·

73 3080 148 3141 'rum
170 3097 250 3140 nora
271 3089 300 3140 et
320 3081 449 3142 Romani
471 3083 590 3142 roboris
606 3090 689 3141 secta
703 3081 780 3142 inter
795 3083 878 3142 initia
893 3100 962 3156 sua,
986 3098 1053 3142 cum

82 3179 193 3238 magno
215 3165 319 3238 inpetu
340 3165 509 3239 coepisset,
532 3166 680 3224 exstincta
700 3170 756 3224 est.
792 3169 833 3226 ,tt
850 3174 961 3241 quanta
982 3170 1082 3224 curas

83 3247 245 3318 laboratur,
265 3263 303 3305 ne
316 3248 401 3306 ouius
414 3250 590 3322 pantomimi
602 3265 710 3308 nomen
723 3247 906 3309 intercidat?
925 3255 984 3308 stat
1000 3263 1055 3322 per

83 3345 284 3389 successores
310 3330 433 3406 Pyladis
460 3338 488 3390 et
512 3331 643 3408 Bathylli
669 3333 787 3392 domus.
819 3332 925 3390 harum
946 3331 1054 3390 artium

83 3413 167 3471 multi
189 3412 330 3487 discipuli
356 3422 426 3474 sunt
448 3413 594 3487 multique
621 3415 779 3474 doctores:
808 3413 958 3488 privatum
980 3412 1056 3475 urbe
