<?xml version="1.0" encoding="UTF-8"?>
<!DOCTYPE html PUBLIC "-//W3C//DTD XHTML 1.0 Transitional//EN"
    "http://www.w3.org/TR/xhtml1/DTD/xhtml1-transitional.dtd">
<html xmlns="http://www.w3.org/1999/xhtml" xml:lang="en" lang="en">
 <head>
  <title>
</title>
<meta http-equiv="Content-Type" content="text/html;charset=utf-8" />
  <meta name='ocr-system' content='tesseract 3.04.00' />
  <meta name='ocr-capabilities' content='ocr_page ocr_carea ocr_par ocr_line ocrx_word'/>
</head>
<body>
  <div class='ocr_page' id='page_1' title='image "./lannaeisenecaeo01senegoog_0349.png"; bbox 0 0 2364 3840; ppageno 0'>
   <div class='ocr_carea' id='block_1_1' title="bbox 144 180 820 257">
    <p class='ocr_par' dir='ltr' id='par_1_1' title="bbox 144 180 820 257">
     <span class='ocr_line' id='line_1_1' title="bbox 144 180 820 257; baseline -0.01 0"><span class='ocrx_word' id='word_1_1' title='bbox 144 180 236 257; x_wconf 62' lang='lat' dir='ltr'><strong>ato*</strong></span> <span class='ocrx_word' id='word_1_2' title='bbox 421 193 453 251; x_wconf 84' lang='lat' dir='ltr'><strong>t.</strong></span> <span class='ocrx_word' id='word_1_3' title='bbox 476 193 621 252; x_wconf 74' lang='lat' dir='ltr'><strong>annam</strong></span> <span class='ocrx_word' id='word_1_4' title='bbox 646 191 820 252; x_wconf 74' lang='lat' dir='ltr'><strong>sunnone</strong></span> 
     </span>
    </p>
   </div>
   <div class='ocr_carea' id='block_1_2' title="bbox 114 341 1157 3489">
    <p class='ocr_par' dir='ltr' id='par_1_2' title="bbox 114 341 1157 3489">
     <span class='ocr_line' id='line_1_2' title="bbox 146 341 1117 417; baseline -0.002 -13"><span class='ocrx_word' id='word_1_5' title='bbox 146 345 247 405; x_wconf 89' lang='lat' dir='ltr'><strong>diores</strong></span> <span class='ocrx_word' id='word_1_6' title='bbox 269 359 340 403; x_wconf 92' lang='lat' dir='ltr'><strong>esse</strong></span> <span class='ocrx_word' id='word_1_7' title='bbox 361 343 489 414; x_wconf 89' lang='lat' dir='ltr'><strong>debere,</strong></span> <span class='ocrx_word' id='word_1_8' title='bbox 514 359 604 417; x_wconf 91' lang='lat' dir='ltr'><strong>qnam</strong></span> <span class='ocrx_word' id='word_1_9' title='bbox 626 358 693 401; x_wconf 91' lang='lat' dir='ltr'><strong>cum</strong></span> <span class='ocrx_word' id='word_1_10' title='bbox 717 342 755 401; x_wconf 93' lang='lat' dir='ltr'><strong>de</strong></span> <span class='ocrx_word' id='word_1_11' title='bbox 770 343 817 401; x_wconf 94' lang='lat' dir='ltr'><strong>dis</strong></span> <span class='ocrx_word' id='word_1_12' title='bbox 835 342 943 416; x_wconf 84' lang='lat' dir='ltr'><strong>agitur.</strong></span> <span class='ocrx_word' id='word_1_13' title='bbox 980 341 1012 401; x_wconf 88' lang='lat' dir='ltr'><strong>Si</strong></span> <span class='ocrx_word' id='word_1_14' title='bbox 1028 343 1117 402; x_wconf 87' lang='lat' dir='ltr'><strong>intra·</strong></span> 
     </span>
     <span class='ocr_line' id='line_1_3' title="bbox 143 423 1119 501; baseline -0.002 -14"><span class='ocrx_word' id='word_1_15' title='bbox 143 444 211 488; x_wconf 89' lang='lat' dir='ltr'><strong>mus</strong></span> <span class='ocrx_word' id='word_1_16' title='bbox 227 428 339 501; x_wconf 90' lang='lat' dir='ltr'><strong>templa</strong></span> <span class='ocrx_word' id='word_1_17' title='bbox 353 425 520 500; x_wconf 75' lang='lat' dir='ltr'><strong>conpositi,</strong></span> <span class='ocrx_word' id='word_1_18' title='bbox 544 427 570 484; x_wconf 86' lang='lat' dir='ltr'><strong>sl</strong></span> <span class='ocrx_word' id='word_1_19' title='bbox 587 426 626 484; x_wconf 91' lang='lat' dir='ltr'><strong>ad</strong></span> <span class='ocrx_word' id='word_1_20' title='bbox 641 423 823 485; x_wconf 88' lang='lat' dir='ltr'><strong>sacrificium</strong></span> <span class='ocrx_word' id='word_1_21' title='bbox 836 427 993 484; x_wconf 81' lang='lat' dir='ltr'><strong>accessuri</strong></span> <span class='ocrx_word' id='word_1_22' title='bbox 1005 429 1119 486; x_wconf 86' lang='lat' dir='ltr'><strong>voltum</strong></span> 
     </span>
     <span class='ocr_line' id='line_1_4' title="bbox 145 509 1119 582; baseline -0.002 -12"><span class='ocrx_word' id='word_1_23' title='bbox 145 510 361 581; x_wconf 74' lang='lat' dir='ltr'><strong>submittimus,</strong></span> <span class='ocrx_word' id='word_1_24' title='bbox 385 517 485 582; x_wconf 90' lang='lat' dir='ltr'><strong>togam</strong></span> <span class='ocrx_word' id='word_1_25' title='bbox 501 509 698 580; x_wconf 85' lang='lat' dir='ltr'>adducimus,</span> <span class='ocrx_word' id='word_1_26' title='bbox 719 509 789 568; x_wconf 88' lang='lat' dir='ltr'><strong>siin</strong></span> <span class='ocrx_word' id='word_1_27' title='bbox 806 523 895 568; x_wconf 91' lang='lat' dir='ltr'><strong>omne</strong></span> <span class='ocrx_word' id='word_1_28' title='bbox 910 518 1119 582; x_wconf 75' lang='lat' dir='ltr'><strong>argumentum</strong></span> 
     </span>
     <span class='ocr_line' id='line_1_5' title="bbox 144 591 1120 666; baseline -0.002 -12"><span class='ocrx_word' id='word_1_29' title='bbox 144 592 313 654; x_wconf 86' lang='lat' dir='ltr'><strong>modestiae</strong></span> <span class='ocrx_word' id='word_1_30' title='bbox 334 593 490 666; x_wconf 83' lang='lat' dir='ltr'><strong>tingimur:</strong></span> <span class='ocrx_word' id='word_1_31' title='bbox 514 600 627 665; x_wconf 89' lang='lat' dir='ltr'><strong>quanto</strong></span> <span class='ocrx_word' id='word_1_32' title='bbox 649 592 707 651; x_wconf 90' lang='lat' dir='ltr'><strong>hoc</strong></span> <span class='ocrx_word' id='word_1_33' title='bbox 728 591 824 666; x_wconf 89' lang='lat' dir='ltr'><strong>magis</strong></span> <span class='ocrx_word' id='word_1_34' title='bbox 843 593 944 651; x_wconf 89' lang='lat' dir='ltr'><strong>lacere</strong></span> <span class='ocrx_word' id='word_1_35' title='bbox 961 592 1120 666; x_wconf 89' lang='lat' dir='ltr'><strong>debemus,</strong></span> 
     </span>
     <span class='ocr_line' id='line_1_6' title="bbox 144 674 1117 750; baseline -0.003 -13"><span class='ocrx_word' id='word_1_36' title='bbox 144 694 214 737; x_wconf 93' lang='lat' dir='ltr'><strong>cum</strong></span> <span class='ocrx_word' id='word_1_37' title='bbox 235 677 274 735; x_wconf 89' lang='lat' dir='ltr'><strong>de</strong></span> <span class='ocrx_word' id='word_1_38' title='bbox 295 675 463 746; x_wconf 84' lang='lat' dir='ltr'><strong>sideribus,</strong></span> <span class='ocrx_word' id='word_1_39' title='bbox 487 676 525 734; x_wconf 92' lang='lat' dir='ltr'><strong>de</strong></span> <span class='ocrx_word' id='word_1_40' title='bbox 546 690 651 734; x_wconf 92' lang='lat' dir='ltr'><strong>eorum</strong></span> <span class='ocrx_word' id='word_1_41' title='bbox 673 683 794 746; x_wconf 86' lang='lat' dir='ltr'><strong>natura,</strong></span> <span class='ocrx_word' id='word_1_42' title='bbox 816 675 855 734; x_wconf 90' lang='lat' dir='ltr'><strong>de</strong></span> <span class='ocrx_word' id='word_1_43' title='bbox 870 674 965 734; x_wconf 91' lang='lat' dir='ltr'><strong>stellis</strong></span> <span class='ocrx_word' id='word_1_44' title='bbox 983 676 1117 750; x_wconf 88' lang='lat' dir='ltr'><strong>disputa-</strong></span> 
     </span>
     <span class='ocr_line' id='line_1_7' title="bbox 145 756 1121 834; baseline -0.002 -14"><span class='ocrx_word' id='word_1_45' title='bbox 145 777 221 832; x_wconf 85' lang='lat' dir='ltr'><strong>mus,</strong></span> <span class='ocrx_word' id='word_1_46' title='bbox 240 775 279 818; x_wconf 94' lang='lat' dir='ltr'><strong>ne</strong></span> <span class='ocrx_word' id='word_1_47' title='bbox 294 760 368 833; x_wconf 92' lang='lat' dir='ltr'><strong>quid</strong></span> <span class='ocrx_word' id='word_1_48' title='bbox 381 767 502 831; x_wconf 86' lang='lat' dir='ltr'><strong>temere,</strong></span> <span class='ocrx_word' id='word_1_49' title='bbox 522 773 560 818; x_wconf 90' lang='lat' dir='ltr'><strong>ne</strong></span> <span class='ocrx_word' id='word_1_50' title='bbox 575 756 649 832; x_wconf 90' lang='lat' dir='ltr'><strong>quid</strong></span> <span class='ocrx_word' id='word_1_51' title='bbox 664 758 862 834; x_wconf 83' lang='lat' dir='ltr'><strong>inprudenter</strong></span> <span class='ocrx_word' id='word_1_52' title='bbox 876 765 928 817; x_wconf 90' lang='lat' dir='ltr'><strong>aut</strong></span> <span class='ocrx_word' id='word_1_53' title='bbox 945 760 1121 833; x_wconf 81' lang='lat' dir='ltr'><strong>ignorantes</strong></span> 
     </span>
     <span class='ocr_line' id='line_1_8' title="bbox 116 841 1121 906; baseline -0.004 -1"><span class='ocrx_word' id='word_1_54' title='bbox 116 844 340 906; x_wconf 82' lang='lat' dir='ltr'><strong>aadfirmernus</strong></span> <span class='ocrx_word' id='word_1_55' title='bbox 362 848 413 900; x_wconf 90' lang='lat' dir='ltr'><strong>aut</strong></span> <span class='ocrx_word' id='word_1_56' title='bbox 439 842 571 901; x_wconf 92' lang='lat' dir='ltr'><strong>scientes</strong></span> <span class='ocrx_word' id='word_1_57' title='bbox 596 843 798 901; x_wconf 82' lang='lat' dir='ltr'><strong>mentiemurt</strong></span> <span class='ocrx_word' id='word_1_58' title='bbox 837 841 911 900; x_wconf 89' lang='lat' dir='ltr'><strong>Nec</strong></span> <span class='ocrx_word' id='word_1_59' title='bbox 943 843 1121 902; x_wconf 86' lang='lat' dir='ltr'><strong>miremur</strong></span> 
     </span>
     <span class='ocr_line' id='line_1_9' title="bbox 146 923 1120 999; baseline -0.003 -12"><span class='ocrx_word' id='word_1_60' title='bbox 146 936 218 987; x_wconf 90' lang='lat' dir='ltr'><strong>tam</strong></span> <span class='ocrx_word' id='word_1_61' title='bbox 242 926 348 984; x_wconf 91' lang='lat' dir='ltr'><strong>tarde</strong></span> <span class='ocrx_word' id='word_1_62' title='bbox 370 923 468 995; x_wconf 87' lang='lat' dir='ltr'><strong>erui,</strong></span> <span class='ocrx_word' id='word_1_63' title='bbox 492 940 590 999; x_wconf 91' lang='lat' dir='ltr'><strong>quae</strong></span> <span class='ocrx_word' id='word_1_64' title='bbox 611 932 682 984; x_wconf 90' lang='lat' dir='ltr'><strong>tam</strong></span> <span class='ocrx_word' id='word_1_65' title='bbox 706 925 781 984; x_wconf 92' lang='lat' dir='ltr'><strong>alte</strong></span> <span class='ocrx_word' id='word_1_66' title='bbox 803 925 939 985; x_wconf 89' lang='lat' dir='ltr'><strong>lacent.</strong></span> <span class='ocrx_word' id='word_1_67' title='bbox 975 925 1120 985; x_wconf 82' lang='lat' dir='ltr'><strong>Panaetio</strong></span> 
     </span>
     <span class='ocr_line' id='line_1_10' title="bbox 146 1007 1119 1082; baseline -0.002 -13"><span class='ocrx_word' id='word_1_68' title='bbox 146 1018 176 1070; x_wconf 88' lang='lat' dir='ltr'><strong>et</strong></span> <span class='ocrx_word' id='word_1_69' title='bbox 199 1010 260 1079; x_wconf 84' lang='lat' dir='ltr'><strong>iris,</strong></span> <span class='ocrx_word' id='word_1_70' title='bbox 285 1009 336 1082; x_wconf 91' lang='lat' dir='ltr'><strong>qui</strong></span> <span class='ocrx_word' id='word_1_71' title='bbox 358 1008 453 1066; x_wconf 90' lang='lat' dir='ltr'><strong>videri</strong></span> <span class='ocrx_word' id='word_1_72' title='bbox 474 1010 581 1068; x_wconf 93' lang='lat' dir='ltr'><strong>volunt</strong></span> <span class='ocrx_word' id='word_1_73' title='bbox 601 1017 738 1068; x_wconf 89' lang='lat' dir='ltr'><strong>cometen</strong></span> <span class='ocrx_word' id='word_1_74' title='bbox 764 1024 824 1067; x_wconf 93' lang='lat' dir='ltr'><strong>non</strong></span> <span class='ocrx_word' id='word_1_75' title='bbox 845 1023 916 1066; x_wconf 90' lang='lat' dir='ltr'><strong>esse</strong></span> <span class='ocrx_word' id='word_1_76' title='bbox 934 1007 1119 1068; x_wconf 88' lang='lat' dir='ltr'><strong>ordinarium</strong></span> 
     </span>
     <span class='ocr_line' id='line_1_11' title="bbox 146 1091 1157 1164; baseline -0.002 -12"><span class='ocrx_word' id='word_1_77' title='bbox 146 1093 233 1152; x_wconf 90' lang='lat' dir='ltr'><strong>sidus</strong></span> <span class='ocrx_word' id='word_1_78' title='bbox 256 1091 312 1151; x_wconf 89' lang='lat' dir='ltr'><strong>sed</strong></span> <span class='ocrx_word' id='word_1_79' title='bbox 333 1091 440 1150; x_wconf 86' lang='lat' dir='ltr'><strong>salsam</strong></span> <span class='ocrx_word' id='word_1_80' title='bbox 463 1092 574 1151; x_wconf 86' lang='lat' dir='ltr'><strong>sideris</strong></span> <span class='ocrx_word' id='word_1_81' title='bbox 600 1092 722 1160; x_wconf 88' lang='lat' dir='ltr'><strong>taciem,</strong></span> <span class='ocrx_word' id='word_1_82' title='bbox 751 1091 910 1164; x_wconf 81' lang='lat' dir='ltr'><strong>diiigenter</strong></span> <span class='ocrx_word' id='word_1_83' title='bbox 930 1093 1118 1151; x_wconf 87' lang='lat' dir='ltr'><strong>tractandum</strong></span> <span class='ocrx_word' id='word_1_84' title='bbox 1156 1121 1157 1125; x_wconf 59' lang='lat'><em>=</em></span> 
     </span>
     <span class='ocr_line' id='line_1_12' title="bbox 146 1175 1120 1256; baseline -0.001 -21"><span class='ocrx_word' id='word_1_85' title='bbox 146 1184 207 1247; x_wconf 90' lang='lat' dir='ltr'><strong>est,</strong></span> <span class='ocrx_word' id='word_1_86' title='bbox 223 1191 262 1234; x_wconf 94' lang='lat' dir='ltr'><strong>an</strong></span> <span class='ocrx_word' id='word_1_87' title='bbox 277 1190 376 1249; x_wconf 91' lang='lat' dir='ltr'><strong>aeque</strong></span> <span class='ocrx_word' id='word_1_88' title='bbox 391 1175 490 1235; x_wconf 92' lang='lat' dir='ltr'><strong>omnis</strong></span> <span class='ocrx_word' id='word_1_89' title='bbox 506 1191 577 1249; x_wconf 92' lang='lat' dir='ltr'><strong>pars</strong></span> <span class='ocrx_word' id='word_1_90' title='bbox 592 1175 662 1256; x_wconf 87' lang='lat' dir='ltr'><strong>anni</strong></span> <span class='ocrx_word' id='word_1_91' title='bbox 678 1175 806 1234; x_wconf 89' lang='lat' dir='ltr'><strong>edendis</strong></span> <span class='ocrx_word' id='word_1_92' title='bbox 823 1175 948 1235; x_wconf 89' lang='lat' dir='ltr'><strong>cometis</strong></span> <span class='ocrx_word' id='word_1_93' title='bbox 961 1176 1036 1235; x_wconf 91' lang='lat' dir='ltr'><strong>satis</strong></span> <span class='ocrx_word' id='word_1_94' title='bbox 1048 1184 1120 1250; x_wconf 87' lang='lat' dir='ltr'><strong>apta</strong></span> 
     </span>
     <span class='ocr_line' id='line_1_13' title="bbox 146 1257 1118 1333; baseline -0.001 -15"><span class='ocrx_word' id='word_1_95' title='bbox 146 1260 197 1332; x_wconf 89' lang='lat' dir='ltr'><strong>sit,</strong></span> <span class='ocrx_word' id='word_1_96' title='bbox 213 1275 252 1317; x_wconf 92' lang='lat' dir='ltr'><strong>an</strong></span> <span class='ocrx_word' id='word_1_97' title='bbox 267 1257 365 1317; x_wconf 93' lang='lat' dir='ltr'><strong>omnis</strong></span> <span class='ocrx_word' id='word_1_98' title='bbox 382 1260 458 1317; x_wconf 89' lang='lat' dir='ltr'><strong>coeli</strong></span> <span class='ocrx_word' id='word_1_99' title='bbox 474 1258 558 1333; x_wconf 89' lang='lat' dir='ltr'><strong>regio</strong></span> <span class='ocrx_word' id='word_1_100' title='bbox 572 1258 698 1331; x_wconf 91' lang='lat' dir='ltr'><strong>idonea,</strong></span> <span class='ocrx_word' id='word_1_101' title='bbox 714 1259 743 1316; x_wconf 89' lang='lat' dir='ltr'><strong>in</strong></span> <span class='ocrx_word' id='word_1_102' title='bbox 756 1274 817 1332; x_wconf 90' lang='lat' dir='ltr'><strong>qua</strong></span> <span class='ocrx_word' id='word_1_103' title='bbox 829 1265 976 1328; x_wconf 87' lang='lat' dir='ltr'><strong>creentur,</strong></span> <span class='ocrx_word' id='word_1_104' title='bbox 994 1274 1031 1317; x_wconf 91' lang='lat' dir='ltr'><strong>an</strong></span> <span class='ocrx_word' id='word_1_105' title='bbox 1046 1276 1118 1332; x_wconf 91' lang='lat' dir='ltr'><strong>qua-</strong></span> 
     </span>
     <span class='ocr_line' id='line_1_14' title="bbox 146 1341 1119 1417; baseline -0.002 -15"><span class='ocrx_word' id='word_1_106' title='bbox 146 1357 276 1417; x_wconf 80' lang='lat' dir='ltr'><strong>cumque</strong></span> <span class='ocrx_word' id='word_1_107' title='bbox 296 1341 356 1414; x_wconf 88' lang='lat' dir='ltr'><strong>ire,</strong></span> <span class='ocrx_word' id='word_1_108' title='bbox 384 1342 424 1401; x_wconf 90' lang='lat' dir='ltr'><strong>ibi</strong></span> <span class='ocrx_word' id='word_1_109' title='bbox 445 1342 533 1402; x_wconf 91' lang='lat' dir='ltr'><strong>etiam</strong></span> <span class='ocrx_word' id='word_1_110' title='bbox 555 1341 676 1416; x_wconf 84' lang='lat' dir='ltr'><strong>concipi</strong></span> <span class='ocrx_word' id='word_1_111' title='bbox 697 1343 830 1416; x_wconf 85' lang='lat' dir='ltr'><strong>possint,</strong></span> <span class='ocrx_word' id='word_1_112' title='bbox 852 1349 883 1401; x_wconf 91' lang='lat' dir='ltr'><strong>et</strong></span> <span class='ocrx_word' id='word_1_113' title='bbox 900 1349 1015 1415; x_wconf 86' lang='lat' dir='ltr'><strong>cetera,</strong></span> <span class='ocrx_word' id='word_1_114' title='bbox 1039 1357 1119 1416; x_wconf 92' lang='lat' dir='ltr'><strong>quae</strong></span> 
     </span>
     <span class='ocr_line' id='line_1_15' title="bbox 146 1422 1120 1498; baseline -0.002 -12"><span class='ocrx_word' id='word_1_115' title='bbox 146 1427 289 1486; x_wconf 89' lang='lat' dir='ltr'><strong>universa</strong></span> <span class='ocrx_word' id='word_1_116' title='bbox 301 1427 454 1497; x_wconf 90' lang='lat' dir='ltr'><strong>tolluntur,</strong></span> <span class='ocrx_word' id='word_1_117' title='bbox 473 1441 540 1485; x_wconf 88' lang='lat' dir='ltr'><strong>curn</strong></span> <span class='ocrx_word' id='word_1_118' title='bbox 553 1424 621 1485; x_wconf 89' lang='lat' dir='ltr'><strong>dico</strong></span> <span class='ocrx_word' id='word_1_119' title='bbox 635 1425 703 1486; x_wconf 93' lang='lat' dir='ltr'><strong>illos</strong></span> <span class='ocrx_word' id='word_1_120' title='bbox 714 1442 776 1486; x_wconf 91' lang='lat' dir='ltr'><strong>non</strong></span> <span class='ocrx_word' id='word_1_121' title='bbox 788 1422 926 1485; x_wconf 76' lang='lat' dir='ltr'><strong>fortuitos</strong></span> <span class='ocrx_word' id='word_1_122' title='bbox 938 1440 1009 1484; x_wconf 93' lang='lat' dir='ltr'><strong>esse</strong></span> <span class='ocrx_word' id='word_1_123' title='bbox 1022 1425 1120 1498; x_wconf 69' lang='lat' dir='ltr'><strong>ignes</strong></span> 
     </span>
     <span class='ocr_line' id='line_1_16' title="bbox 146 1508 1118 1584; baseline -0.003 -16"><span class='ocrx_word' id='word_1_124' title='bbox 146 1511 202 1568; x_wconf 90' lang='lat' dir='ltr'><strong>sed</strong></span> <span class='ocrx_word' id='word_1_125' title='bbox 219 1508 351 1569; x_wconf 87' lang='lat' dir='ltr'><strong>intextos</strong></span> <span class='ocrx_word' id='word_1_126' title='bbox 367 1509 494 1581; x_wconf 93' lang='lat' dir='ltr'><strong>mundo,</strong></span> <span class='ocrx_word' id='word_1_127' title='bbox 518 1524 597 1583; x_wconf 90' lang='lat' dir='ltr'><strong>quos</strong></span> <span class='ocrx_word' id='word_1_128' title='bbox 614 1525 673 1568; x_wconf 95' lang='lat' dir='ltr'><strong>non</strong></span> <span class='ocrx_word' id='word_1_129' title='bbox 690 1511 864 1584; x_wconf 73' lang='lat' dir='ltr'><strong>frequenter</strong></span> <span class='ocrx_word' id='word_1_130' title='bbox 878 1508 993 1580; x_wconf 88' lang='lat' dir='ltr'><strong>educit,</strong></span> <span class='ocrx_word' id='word_1_131' title='bbox 1015 1509 1072 1567; x_wconf 87' lang='lat' dir='ltr'><strong>sed</strong></span> <span class='ocrx_word' id='word_1_132' title='bbox 1089 1509 1118 1565; x_wconf 91' lang='lat' dir='ltr'><strong>in</strong></span> 
     </span>
     <span class='ocr_line' id='line_1_17' title="bbox 118 1591 1118 1667; baseline -0.007 -11"><span class='ocrx_word' id='word_1_133' title='bbox 118 1594 266 1656; x_wconf 82' lang='lat' dir='ltr'><strong>eoccnlto</strong></span> <span class='ocrx_word' id='word_1_134' title='bbox 287 1601 397 1652; x_wconf 89' lang='lat' dir='ltr'><strong>movet.</strong></span> <span class='ocrx_word' id='word_1_135' title='bbox 436 1591 530 1664; x_wconf 78' lang='lat' dir='ltr'><strong>Quam</strong></span> <span class='ocrx_word' id='word_1_136' title='bbox 551 1594 644 1651; x_wconf 91' lang='lat' dir='ltr'><strong>multa</strong></span> <span class='ocrx_word' id='word_1_137' title='bbox 665 1591 861 1667; x_wconf 78' lang='lat' dir='ltr'><strong>praeteritos</strong></span> <span class='ocrx_word' id='word_1_138' title='bbox 888 1606 942 1666; x_wconf 93' lang='lat' dir='ltr'><strong>per</strong></span> <span class='ocrx_word' id='word_1_139' title='bbox 966 1599 1118 1650; x_wconf 86' lang='lat' dir='ltr'><strong>secretum</strong></span> 
     </span>
     <span class='ocr_line' id='line_1_18' title="bbox 146 1674 1119 1749; baseline -0.002 -14"><span class='ocrx_word' id='word_1_140' title='bbox 146 1684 218 1735; x_wconf 90' lang='lat' dir='ltr'><strong>eunt</strong></span> <span class='ocrx_word' id='word_1_141' title='bbox 229 1691 392 1747; x_wconf 86' lang='lat' dir='ltr'><strong>numquam</strong></span> <span class='ocrx_word' id='word_1_142' title='bbox 404 1674 542 1734; x_wconf 86' lang='lat' dir='ltr'><strong>humanis</strong></span> <span class='ocrx_word' id='word_1_143' title='bbox 555 1676 651 1735; x_wconf 92' lang='lat' dir='ltr'><strong>oculis</strong></span> <span class='ocrx_word' id='word_1_144' title='bbox 662 1676 809 1736; x_wconf 83' lang='lat' dir='ltr'><strong>orientiat</strong></span> <span class='ocrx_word' id='word_1_145' title='bbox 822 1674 1010 1749; x_wconf 91' lang='lat' dir='ltr'><strong>nequeenim</strong></span> <span class='ocrx_word' id='word_1_146' title='bbox 1018 1677 1119 1734; x_wconf 85' lang='lat' dir='ltr'><strong>ornnia</strong></span> 
     </span>
     <span class='ocr_line' id='line_1_19' title="bbox 146 1757 1117 1834; baseline 0.002 -18"><span class='ocrx_word' id='word_1_147' title='bbox 146 1758 223 1817; x_wconf 92' lang='lat' dir='ltr'><strong>deus</strong></span> <span class='ocrx_word' id='word_1_148' title='bbox 240 1758 352 1818; x_wconf 90' lang='lat' dir='ltr'><strong>homini</strong></span> <span class='ocrx_word' id='word_1_149' title='bbox 367 1759 446 1817; x_wconf 87' lang='lat' dir='ltr'><strong>fecit.</strong></span> <span class='ocrx_word' id='word_1_150' title='bbox 481 1758 578 1832; x_wconf 85' lang='lat' dir='ltr'><strong>Quota</strong></span> <span class='ocrx_word' id='word_1_151' title='bbox 593 1776 663 1833; x_wconf 89' lang='lat' dir='ltr'><strong>pars</strong></span> <span class='ocrx_word' id='word_1_152' title='bbox 679 1760 781 1834; x_wconf 88' lang='lat' dir='ltr'><strong>operis</strong></span> <span class='ocrx_word' id='word_1_153' title='bbox 798 1759 869 1819; x_wconf 87' lang='lat' dir='ltr'><strong>tanti</strong></span> <span class='ocrx_word' id='word_1_154' title='bbox 881 1757 971 1818; x_wconf 89' lang='lat' dir='ltr'><strong>nobis</strong></span> <span class='ocrx_word' id='word_1_155' title='bbox 983 1759 1117 1819; x_wconf 92' lang='lat' dir='ltr'><strong>commit-</strong></span> 
     </span>
     <span class='ocr_line' id='line_1_20' title="bbox 147 1841 1119 1916; baseline 0 -16"><span class='ocrx_word' id='word_1_156' title='bbox 147 1843 235 1901; x_wconf 83' lang='lat' dir='ltr'><strong>titnrt</strong></span> <span class='ocrx_word' id='word_1_157' title='bbox 263 1841 331 1916; x_wconf 91' lang='lat' dir='ltr'><strong>ipse</strong></span> <span class='ocrx_word' id='word_1_158' title='bbox 353 1841 404 1916; x_wconf 90' lang='lat' dir='ltr'><strong>qui</strong></span> <span class='ocrx_word' id='word_1_159' title='bbox 425 1842 481 1901; x_wconf 90' lang='lat' dir='ltr'><strong>ista</strong></span> <span class='ocrx_word' id='word_1_160' title='bbox 503 1849 622 1914; x_wconf 88' lang='lat' dir='ltr'><strong>tractat,</strong></span> <span class='ocrx_word' id='word_1_161' title='bbox 644 1843 694 1916; x_wconf 89' lang='lat' dir='ltr'><strong>qui</strong></span> <span class='ocrx_word' id='word_1_162' title='bbox 710 1841 859 1915; x_wconf 88' lang='lat' dir='ltr'><strong>condidit,</strong></span> <span class='ocrx_word' id='word_1_163' title='bbox 883 1841 935 1916; x_wconf 88' lang='lat' dir='ltr'><strong>qui</strong></span> <span class='ocrx_word' id='word_1_164' title='bbox 949 1847 1042 1902; x_wconf 92' lang='lat' dir='ltr'><strong>totum</strong></span> <span class='ocrx_word' id='word_1_165' title='bbox 1059 1841 1119 1902; x_wconf 92' lang='lat' dir='ltr'><strong>hoo</strong></span> 
     </span>
     <span class='ocr_line' id='line_1_21' title="bbox 146 1923 1118 2000; baseline 0.002 -18"><span class='ocrx_word' id='word_1_166' title='bbox 146 1925 283 1985; x_wconf 81' lang='lat' dir='ltr'><strong>fundavit</strong></span> <span class='ocrx_word' id='word_1_167' title='bbox 300 1925 444 1998; x_wconf 88' lang='lat' dir='ltr'><strong>deditque</strong></span> <span class='ocrx_word' id='word_1_168' title='bbox 459 1926 539 1985; x_wconf 88' lang='lat' dir='ltr'><strong>circa</strong></span> <span class='ocrx_word' id='word_1_169' title='bbox 554 1941 604 1997; x_wconf 92' lang='lat' dir='ltr'><strong>se,</strong></span> <span class='ocrx_word' id='word_1_170' title='bbox 625 1927 722 1986; x_wconf 89' lang='lat' dir='ltr'><strong>maior</strong></span> <span class='ocrx_word' id='word_1_171' title='bbox 738 1942 808 2000; x_wconf 89' lang='lat' dir='ltr'><strong>pars</strong></span> <span class='ocrx_word' id='word_1_172' title='bbox 824 1923 872 1985; x_wconf 94' lang='lat' dir='ltr'><strong>sui</strong></span> <span class='ocrx_word' id='word_1_173' title='bbox 887 1924 990 1998; x_wconf 91' lang='lat' dir='ltr'><strong>operis</strong></span> <span class='ocrx_word' id='word_1_174' title='bbox 1005 1939 1041 1983; x_wconf 89' lang='lat' dir='ltr'><strong>ac</strong></span> <span class='ocrx_word' id='word_1_175' title='bbox 1056 1941 1118 1984; x_wconf 93' lang='lat' dir='ltr'><strong>me-</strong></span> 
     </span>
     <span class='ocr_line' id='line_1_22' title="bbox 116 2007 1118 2083; baseline -0.003 -14"><span class='ocrx_word' id='word_1_176' title='bbox 116 2008 209 2081; x_wconf 78' lang='lat' dir='ltr'><strong>llior,</strong></span> <span class='ocrx_word' id='word_1_177' title='bbox 226 2007 331 2082; x_wconf 83' lang='lat' dir='ltr'><strong>effugit</strong></span> <span class='ocrx_word' id='word_1_178' title='bbox 345 2009 468 2080; x_wconf 87' lang='lat' dir='ltr'><strong>oculos,</strong></span> <span class='ocrx_word' id='word_1_179' title='bbox 484 2009 665 2083; x_wconf 88' lang='lat' dir='ltr'><strong>cogitatione</strong></span> <span class='ocrx_word' id='word_1_180' title='bbox 676 2009 823 2069; x_wconf 89' lang='lat' dir='ltr'><strong>visendus</strong></span> <span class='ocrx_word' id='word_1_181' title='bbox 837 2014 892 2067; x_wconf 88' lang='lat' dir='ltr'><strong>est.</strong></span> <span class='ocrx_word' id='word_1_182' title='bbox 925 2007 1019 2067; x_wconf 89' lang='lat' dir='ltr'><strong>Multa</strong></span> <span class='ocrx_word' id='word_1_183' title='bbox 1030 2023 1118 2081; x_wconf 90' lang='lat' dir='ltr'><strong>prae·</strong></span> 
     </span>
     <span class='ocr_line' id='line_1_23' title="bbox 146 2089 1117 2166; baseline -0.001 -16"><span class='ocrx_word' id='word_1_184' title='bbox 146 2100 229 2152; x_wconf 86' lang='lat' dir='ltr'><strong>terea</strong></span> <span class='ocrx_word' id='word_1_185' title='bbox 243 2099 372 2166; x_wconf 90' lang='lat' dir='ltr'><strong>cognata</strong></span> <span class='ocrx_word' id='word_1_186' title='bbox 386 2092 500 2151; x_wconf 88' lang='lat' dir='ltr'><strong>numini</strong></span> <span class='ocrx_word' id='word_1_187' title='bbox 515 2109 634 2152; x_wconf 91' lang='lat' dir='ltr'><strong>summo</strong></span> <span class='ocrx_word' id='word_1_188' title='bbox 649 2100 679 2152; x_wconf 93' lang='lat' dir='ltr'><strong>et</strong></span> <span class='ocrx_word' id='word_1_189' title='bbox 692 2093 822 2153; x_wconf 90' lang='lat' dir='ltr'><strong>vicinam</strong></span> <span class='ocrx_word' id='word_1_190' title='bbox 837 2091 943 2152; x_wconf 87' lang='lat' dir='ltr'><strong>sortita</strong></span> <span class='ocrx_word' id='word_1_191' title='bbox 954 2089 1117 2166; x_wconf 90' lang='lat' dir='ltr'><strong>potentiam</strong></span> 
     </span>
     <span class='ocr_line' id='line_1_24' title="bbox 146 2175 1118 2250; baseline 0 -16"><span class='ocrx_word' id='word_1_192' title='bbox 146 2176 278 2235; x_wconf 88' lang='lat' dir='ltr'><strong>obseura</strong></span> <span class='ocrx_word' id='word_1_193' title='bbox 298 2182 377 2234; x_wconf 91' lang='lat' dir='ltr'><strong>sunt.</strong></span> <span class='ocrx_word' id='word_1_194' title='bbox 403 2182 456 2235; x_wconf 88' lang='lat' dir='ltr'><strong>aut</strong></span> <span class='ocrx_word' id='word_1_195' title='bbox 475 2177 620 2246; x_wconf 86' lang='lat' dir='ltr'><strong>sortasse,</strong></span> <span class='ocrx_word' id='word_1_196' title='bbox 645 2177 728 2250; x_wconf 91' lang='lat' dir='ltr'><strong>quod</strong></span> <span class='ocrx_word' id='word_1_197' title='bbox 743 2175 840 2249; x_wconf 87' lang='lat' dir='ltr'><strong>magis</strong></span> <span class='ocrx_word' id='word_1_198' title='bbox 854 2177 986 2248; x_wconf 78' lang='lat' dir='ltr'><strong>micaria,</strong></span> <span class='ocrx_word' id='word_1_199' title='bbox 1009 2175 1118 2234; x_wconf 89' lang='lat' dir='ltr'><strong>oculos</strong></span> 
     </span>
     <span class='ocr_line' id='line_1_25' title="bbox 145 2257 1118 2332; baseline 0.001 -15"><span class='ocrx_word' id='word_1_200' title='bbox 145 2266 268 2317; x_wconf 88' lang='lat' dir='ltr'><strong>nostros</strong></span> <span class='ocrx_word' id='word_1_201' title='bbox 289 2264 319 2317; x_wconf 91' lang='lat' dir='ltr'><strong>et</strong></span> <span class='ocrx_word' id='word_1_202' title='bbox 338 2259 453 2332; x_wconf 89' lang='lat' dir='ltr'><strong>inplent</strong></span> <span class='ocrx_word' id='word_1_203' title='bbox 472 2268 502 2317; x_wconf 89' lang='lat' dir='ltr'><strong>et</strong></span> <span class='ocrx_word' id='word_1_204' title='bbox 522 2258 684 2332; x_wconf 83' lang='lat' dir='ltr'><strong>effugiunt,</strong></span> <span class='ocrx_word' id='word_1_205' title='bbox 710 2260 776 2319; x_wconf 84' lang='lat' dir='ltr'><strong>sive</strong></span> <span class='ocrx_word' id='word_1_206' title='bbox 796 2259 853 2319; x_wconf 90' lang='lat' dir='ltr'><strong>illis</strong></span> <span class='ocrx_word' id='word_1_207' title='bbox 869 2266 951 2319; x_wconf 89' lang='lat' dir='ltr'><strong>tanta</strong></span> <span class='ocrx_word' id='word_1_208' title='bbox 967 2257 1118 2318; x_wconf 86' lang='lat' dir='ltr'><strong>subtilitas</strong></span> 
     </span>
     <span class='ocr_line' id='line_1_26' title="bbox 146 2342 1116 2417; baseline -0.001 -18"><span class='ocrx_word' id='word_1_209' title='bbox 146 2349 206 2412; x_wconf 89' lang='lat' dir='ltr'><strong>est,</strong></span> <span class='ocrx_word' id='word_1_210' title='bbox 230 2349 372 2415; x_wconf 88' lang='lat' dir='ltr'><strong>quantam</strong></span> <span class='ocrx_word' id='word_1_211' title='bbox 388 2342 536 2416; x_wconf 87' lang='lat' dir='ltr'><strong>consequi</strong></span> <span class='ocrx_word' id='word_1_212' title='bbox 551 2342 633 2401; x_wconf 92' lang='lat' dir='ltr'><strong>acies</strong></span> <span class='ocrx_word' id='word_1_213' title='bbox 649 2342 780 2402; x_wconf 90' lang='lat' dir='ltr'><strong>humana</strong></span> <span class='ocrx_word' id='word_1_214' title='bbox 793 2359 856 2402; x_wconf 92' lang='lat' dir='ltr'><strong>non</strong></span> <span class='ocrx_word' id='word_1_215' title='bbox 872 2343 984 2417; x_wconf 91' lang='lat' dir='ltr'><strong>possit,</strong></span> <span class='ocrx_word' id='word_1_216' title='bbox 1006 2342 1072 2402; x_wconf 87' lang='lat' dir='ltr'><strong>sive</strong></span> <span class='ocrx_word' id='word_1_217' title='bbox 1088 2342 1116 2399; x_wconf 91' lang='lat' dir='ltr'><strong>in</strong></span> 
     </span>
     <span class='ocr_line' id='line_1_27' title="bbox 146 2424 1118 2499; baseline -0.001 -16"><span class='ocrx_word' id='word_1_218' title='bbox 146 2424 298 2484; x_wconf 91' lang='lat' dir='ltr'><strong>sanctiore</strong></span> <span class='ocrx_word' id='word_1_219' title='bbox 313 2439 441 2484; x_wconf 90' lang='lat' dir='ltr'><strong>secessu</strong></span> <span class='ocrx_word' id='word_1_220' title='bbox 454 2426 596 2486; x_wconf 90' lang='lat' dir='ltr'><strong>maiestas</strong></span> <span class='ocrx_word' id='word_1_221' title='bbox 612 2432 696 2486; x_wconf 87' lang='lat' dir='ltr'><strong>tanta</strong></span> <span class='ocrx_word' id='word_1_222' title='bbox 710 2426 825 2487; x_wconf 90' lang='lat' dir='ltr'><strong>delituit</strong></span> <span class='ocrx_word' id='word_1_223' title='bbox 836 2433 866 2486; x_wconf 90' lang='lat' dir='ltr'><strong>et</strong></span> <span class='ocrx_word' id='word_1_224' title='bbox 879 2441 1005 2499; x_wconf 90' lang='lat' dir='ltr'><strong>regnum</strong></span> <span class='ocrx_word' id='word_1_225' title='bbox 1018 2441 1118 2496; x_wconf 86' lang='lat' dir='ltr'><strong>suum,</strong></span> 
     </span>
     <span class='ocr_line' id='line_1_28' title="bbox 145 2507 1118 2582; baseline 0 -16"><span class='ocrx_word' id='word_1_226' title='bbox 145 2508 176 2566; x_wconf 95' lang='lat' dir='ltr'><strong>id</strong></span> <span class='ocrx_word' id='word_1_227' title='bbox 197 2516 299 2569; x_wconf 89' lang='lat' dir='ltr'><strong>estse</strong></span> <span class='ocrx_word' id='word_1_228' title='bbox 320 2508 397 2582; x_wconf 89' lang='lat' dir='ltr'><strong>regit</strong></span> <span class='ocrx_word' id='word_1_229' title='bbox 417 2524 473 2568; x_wconf 89' lang='lat' dir='ltr'><strong>nec</strong></span> <span class='ocrx_word' id='word_1_230' title='bbox 493 2511 544 2569; x_wconf 92' lang='lat' dir='ltr'><strong>ulli</strong></span> <span class='ocrx_word' id='word_1_231' title='bbox 565 2509 679 2569; x_wconf 91' lang='lat' dir='ltr'><strong>aditum</strong></span> <span class='ocrx_word' id='word_1_232' title='bbox 702 2511 753 2570; x_wconf 88' lang='lat' dir='ltr'><strong>dat</strong></span> <span class='ocrx_word' id='word_1_233' title='bbox 767 2508 826 2568; x_wconf 90' lang='lat' dir='ltr'><strong>nisi</strong></span> <span class='ocrx_word' id='word_1_234' title='bbox 840 2509 950 2569; x_wconf 91' lang='lat' dir='ltr'><strong>animo.</strong></span> <span class='ocrx_word' id='word_1_235' title='bbox 987 2507 1063 2581; x_wconf 85' lang='lat' dir='ltr'><strong>Quid</strong></span> <span class='ocrx_word' id='word_1_236' title='bbox 1079 2508 1118 2567; x_wconf 88' lang='lat' dir='ltr'><strong>sit</strong></span> 
     </span>
     <span class='ocr_line' id='line_1_29' title="bbox 144 2590 1116 2668; baseline -0.002 -19"><span class='ocrx_word' id='word_1_237' title='bbox 144 2591 218 2662; x_wconf 91' lang='lat' dir='ltr'><strong>hoc,</strong></span> <span class='ocrx_word' id='word_1_238' title='bbox 248 2592 314 2651; x_wconf 91' lang='lat' dir='ltr'><strong>sine</strong></span> <span class='ocrx_word' id='word_1_239' title='bbox 337 2607 398 2666; x_wconf 93' lang='lat' dir='ltr'><strong>quo</strong></span> <span class='ocrx_word' id='word_1_240' title='bbox 419 2592 491 2652; x_wconf 93' lang='lat' dir='ltr'><strong>nihil</strong></span> <span class='ocrx_word' id='word_1_241' title='bbox 512 2600 574 2667; x_wconf 87' lang='lat' dir='ltr'><strong>est,</strong></span> <span class='ocrx_word' id='word_1_242' title='bbox 598 2594 676 2653; x_wconf 89' lang='lat' dir='ltr'><strong>scire</strong></span> <span class='ocrx_word' id='word_1_243' title='bbox 697 2609 757 2653; x_wconf 93' lang='lat' dir='ltr'><strong>non</strong></span> <span class='ocrx_word' id='word_1_244' title='bbox 781 2607 961 2668; x_wconf 83' lang='lat' dir='ltr'><strong>possumus:</strong></span> <span class='ocrx_word' id='word_1_245' title='bbox 983 2598 1014 2651; x_wconf 90' lang='lat' dir='ltr'><strong>et</strong></span> <span class='ocrx_word' id='word_1_246' title='bbox 1028 2590 1116 2648; x_wconf 86' lang='lat' dir='ltr'><strong>mira·</strong></span> 
     </span>
     <span class='ocr_line' id='line_1_30' title="bbox 144 2675 1118 2750; baseline -0.002 -18"><span class='ocrx_word' id='word_1_247' title='bbox 144 2691 224 2748; x_wconf 79' lang='lat' dir='ltr'><strong>ntur,</strong></span> <span class='ocrx_word' id='word_1_248' title='bbox 248 2676 374 2748; x_wconf 89' lang='lat' dir='ltr'><strong>siquos</strong></span> <span class='ocrx_word' id='word_1_249' title='bbox 401 2675 550 2749; x_wconf 88' lang='lat' dir='ltr'><strong>igniculos</strong></span> <span class='ocrx_word' id='word_1_250' title='bbox 575 2692 683 2750; x_wconf 88' lang='lat' dir='ltr'><strong>parum</strong></span> <span class='ocrx_word' id='word_1_251' title='bbox 707 2675 865 2746; x_wconf 88' lang='lat' dir='ltr'><strong>novimus,</strong></span> <span class='ocrx_word' id='word_1_252' title='bbox 894 2691 961 2735; x_wconf 89' lang='lat' dir='ltr'><strong>cum</strong></span> <span class='ocrx_word' id='word_1_253' title='bbox 986 2675 1118 2733; x_wconf 85' lang='lat' dir='ltr'><strong>maxima</strong></span> 
     </span>
     <span class='ocr_line' id='line_1_31' title="bbox 115 2757 1116 2832; baseline -0.005 -13"><span class='ocrx_word' id='word_1_254' title='bbox 115 2769 215 2832; x_wconf 78' lang='lat' dir='ltr'><strong>tpars</strong></span> <span class='ocrx_word' id='word_1_255' title='bbox 238 2757 342 2817; x_wconf 91' lang='lat' dir='ltr'><strong>mundi</strong></span> <span class='ocrx_word' id='word_1_256' title='bbox 363 2759 439 2819; x_wconf 91' lang='lat' dir='ltr'><strong>deus</strong></span> <span class='ocrx_word' id='word_1_257' title='bbox 462 2761 571 2819; x_wconf 66' lang='lat' dir='ltr'><strong>lateat?</strong></span> <span class='ocrx_word' id='word_1_258' title='bbox 606 2759 700 2832; x_wconf 85' lang='lat' dir='ltr'><strong>Quam</strong></span> <span class='ocrx_word' id='word_1_259' title='bbox 720 2761 814 2820; x_wconf 92' lang='lat' dir='ltr'><strong>multa</strong></span> <span class='ocrx_word' id='word_1_260' title='bbox 828 2757 969 2819; x_wconf 88' lang='lat' dir='ltr'><strong>animalia</strong></span> <span class='ocrx_word' id='word_1_261' title='bbox 982 2758 1041 2817; x_wconf 89' lang='lat' dir='ltr'><strong>hoc</strong></span> <span class='ocrx_word' id='word_1_262' title='bbox 1057 2757 1116 2830; x_wconf 90' lang='lat' dir='ltr'><strong>pri·</strong></span> 
     </span>
     <span class='ocr_line' id='line_1_32' title="bbox 144 2839 1118 2919; baseline 0 -21"><span class='ocrx_word' id='word_1_263' title='bbox 144 2856 224 2899; x_wconf 93' lang='lat' dir='ltr'><strong>mum</strong></span> <span class='ocrx_word' id='word_1_264' title='bbox 246 2842 446 2916; x_wconf 86' lang='lat' dir='ltr'><strong>cognovimus</strong></span> <span class='ocrx_word' id='word_1_265' title='bbox 468 2844 587 2903; x_wconf 89' lang='lat' dir='ltr'><strong>seculo!</strong></span> <span class='ocrx_word' id='word_1_266' title='bbox 621 2859 712 2919; x_wconf 89' lang='lat' dir='ltr'><strong>quam</strong></span> <span class='ocrx_word' id='word_1_267' title='bbox 732 2844 825 2904; x_wconf 90' lang='lat' dir='ltr'><strong>multa</strong></span> <span class='ocrx_word' id='word_1_268' title='bbox 846 2841 968 2916; x_wconf 87' lang='lat' dir='ltr'><strong>negotia</strong></span> <span class='ocrx_word' id='word_1_269' title='bbox 992 2856 1031 2899; x_wconf 92' lang='lat' dir='ltr'><strong>ne</strong></span> <span class='ocrx_word' id='word_1_270' title='bbox 1057 2839 1118 2899; x_wconf 91' lang='lat' dir='ltr'><strong>hoe</strong></span> 
     </span>
     <span class='ocr_line' id='line_1_33' title="bbox 144 2923 1117 3003; baseline 0 -22"><span class='ocrx_word' id='word_1_271' title='bbox 144 2923 282 2997; x_wconf 86' lang='lat' dir='ltr'><strong>quidem!</strong></span> <span class='ocrx_word' id='word_1_272' title='bbox 307 2925 401 2986; x_wconf 83' lang='lat' dir='ltr'><strong>Multa</strong></span> <span class='ocrx_word' id='word_1_273' title='bbox 417 2927 564 2987; x_wconf 87' lang='lat' dir='ltr'><strong>venientis</strong></span> <span class='ocrx_word' id='word_1_274' title='bbox 580 2927 647 2986; x_wconf 89' lang='lat' dir='ltr'><strong>aevi</strong></span> <span class='ocrx_word' id='word_1_275' title='bbox 663 2929 795 3003; x_wconf 91' lang='lat' dir='ltr'><strong>populus</strong></span> <span class='ocrx_word' id='word_1_276' title='bbox 810 2926 913 3001; x_wconf 89' lang='lat' dir='ltr'><strong>ignota</strong></span> <span class='ocrx_word' id='word_1_277' title='bbox 926 2923 1015 2984; x_wconf 89' lang='lat' dir='ltr'><strong>nobis</strong></span> <span class='ocrx_word' id='word_1_278' title='bbox 1029 2923 1117 2983; x_wconf 90' lang='lat' dir='ltr'><strong>sciet.</strong></span> 
     </span>
     <span class='ocr_line' id='line_1_34' title="bbox 143 3007 1117 3084; baseline 0.002 -20"><span class='ocrx_word' id='word_1_279' title='bbox 143 3007 235 3065; x_wconf 89' lang='lat' dir='ltr'><strong>multa</strong></span> <span class='ocrx_word' id='word_1_280' title='bbox 246 3008 359 3067; x_wconf 91' lang='lat' dir='ltr'><strong>seculis</strong></span> <span class='ocrx_word' id='word_1_281' title='bbox 371 3017 441 3068; x_wconf 92' lang='lat' dir='ltr'><strong>tunc</strong></span> <span class='ocrx_word' id='word_1_282' title='bbox 453 3011 577 3084; x_wconf 86' lang='lat' dir='ltr'><strong>suturis,</strong></span> <span class='ocrx_word' id='word_1_283' title='bbox 594 3027 662 3070; x_wconf 88' lang='lat' dir='ltr'><strong>cum</strong></span> <span class='ocrx_word' id='word_1_284' title='bbox 676 3011 821 3070; x_wconf 90' lang='lat' dir='ltr'><strong>memoria</strong></span> <span class='ocrx_word' id='word_1_285' title='bbox 831 3009 927 3070; x_wconf 89' lang='lat' dir='ltr'><strong>nostri</strong></span> <span class='ocrx_word' id='word_1_286' title='bbox 939 3007 1117 3079; x_wconf 84' lang='lat' dir='ltr'><strong>exoleverit,</strong></span> 
     </span>
     <span class='ocr_line' id='line_1_35' title="bbox 142 3091 1116 3166; baseline 0.003 -19"><span class='ocrx_word' id='word_1_287' title='bbox 142 3097 347 3150; x_wconf 86' lang='lat' dir='ltr'><strong>reservantur.</strong></span> <span class='ocrx_word' id='word_1_288' title='bbox 382 3091 495 3152; x_wconf 85' lang='lat' dir='ltr'><strong>Pusillo</strong></span> <span class='ocrx_word' id='word_1_289' title='bbox 515 3109 566 3153; x_wconf 90' lang='lat' dir='ltr'><strong>res</strong></span> <span class='ocrx_word' id='word_1_290' title='bbox 587 3095 718 3155; x_wconf 90' lang='lat' dir='ltr'><strong>mundus</strong></span> <span class='ocrx_word' id='word_1_291' title='bbox 738 3101 798 3165; x_wconf 91' lang='lat' dir='ltr'><strong>est,</strong></span> <span class='ocrx_word' id='word_1_292' title='bbox 822 3092 881 3152; x_wconf 89' lang='lat' dir='ltr'><strong>nisi</strong></span> <span class='ocrx_word' id='word_1_293' title='bbox 897 3094 926 3152; x_wconf 93' lang='lat' dir='ltr'><strong>in</strong></span> <span class='ocrx_word' id='word_1_294' title='bbox 942 3093 1007 3164; x_wconf 90' lang='lat' dir='ltr'><strong>illo,</strong></span> <span class='ocrx_word' id='word_1_295' title='bbox 1032 3091 1116 3166; x_wconf 90' lang='lat' dir='ltr'><strong>quod</strong></span> 
     </span>
     <span class='ocr_line' id='line_1_36' title="bbox 114 3172 1116 3251; baseline -0.002 -17"><span class='ocrx_word' id='word_1_296' title='bbox 114 3179 130 3234; x_wconf 85' lang='lat'>6</span> <span class='ocrx_word' id='word_1_297' title='bbox 143 3181 278 3248; x_wconf 88' lang='lat' dir='ltr'><strong>quaerat,</strong></span> <span class='ocrx_word' id='word_1_298' title='bbox 299 3172 398 3233; x_wconf 91' lang='lat' dir='ltr'><strong>omnis</strong></span> <span class='ocrx_word' id='word_1_299' title='bbox 416 3177 548 3236; x_wconf 93' lang='lat' dir='ltr'><strong>mundus</strong></span> <span class='ocrx_word' id='word_1_300' title='bbox 565 3177 683 3238; x_wconf 88' lang='lat' dir='ltr'><strong>habeat.</strong></span> <span class='ocrx_word' id='word_1_301' title='bbox 708 3178 775 3237; x_wconf 91' lang='lat' dir='ltr'><strong>Non</strong></span> <span class='ocrx_word' id='word_1_302' title='bbox 788 3179 885 3236; x_wconf 90' lang='lat' dir='ltr'><strong>semel</strong></span> <span class='ocrx_word' id='word_1_303' title='bbox 900 3177 1051 3251; x_wconf 90' lang='lat' dir='ltr'><strong>quaedam</strong></span> <span class='ocrx_word' id='word_1_304' title='bbox 1066 3189 1116 3233; x_wconf 87' lang='lat' dir='ltr'><strong>sa·</strong></span> 
     </span>
     <span class='ocr_line' id='line_1_37' title="bbox 143 3258 1116 3336; baseline 0.001 -21"><span class='ocrx_word' id='word_1_305' title='bbox 143 3272 193 3316; x_wconf 89' lang='lat' dir='ltr'><strong>cra</strong></span> <span class='ocrx_word' id='word_1_306' title='bbox 215 3258 381 3317; x_wconf 87' lang='lat' dir='ltr'><strong>traduntur.</strong></span> <span class='ocrx_word' id='word_1_307' title='bbox 419 3258 543 3319; x_wconf 86' lang='lat' dir='ltr'><strong>Eleusin</strong></span> <span class='ocrx_word' id='word_1_308' title='bbox 564 3268 680 3334; x_wconf 88' lang='lat' dir='ltr'><strong>servat,</strong></span> <span class='ocrx_word' id='word_1_309' title='bbox 710 3261 794 3336; x_wconf 91' lang='lat' dir='ltr'><strong>quod</strong></span> <span class='ocrx_word' id='word_1_310' title='bbox 814 3260 957 3322; x_wconf 87' lang='lat' dir='ltr'><strong>ostendat</strong></span> <span class='ocrx_word' id='word_1_311' title='bbox 978 3259 1116 3318; x_wconf 90' lang='lat' dir='ltr'><strong>revisen-</strong></span> 
     </span>
     <span class='ocr_line' id='line_1_38' title="bbox 141 3340 1117 3404; baseline -0.004 1"><span class='ocrx_word' id='word_1_312' title='bbox 141 3340 238 3404; x_wconf 79' lang='lat' dir='ltr'><strong>tibus:</strong></span> <span class='ocrx_word' id='word_1_313' title='bbox 261 3357 361 3403; x_wconf 89' lang='lat' dir='ltr'><strong>rerum</strong></span> <span class='ocrx_word' id='word_1_314' title='bbox 377 3349 484 3402; x_wconf 91' lang='lat' dir='ltr'><strong>natura</strong></span> <span class='ocrx_word' id='word_1_315' title='bbox 499 3351 658 3403; x_wconf 82' lang='lat' dir='ltr'><strong>sacrasu&#39;a</strong></span> <span class='ocrx_word' id='word_1_316' title='bbox 672 3360 733 3404; x_wconf 94' lang='lat' dir='ltr'><strong>non</strong></span> <span class='ocrx_word' id='word_1_317' title='bbox 747 3344 842 3404; x_wconf 92' lang='lat' dir='ltr'><strong>semel</strong></span> <span class='ocrx_word' id='word_1_318' title='bbox 858 3343 956 3403; x_wconf 86' lang='lat' dir='ltr'><strong>tradit.</strong></span> <span class='ocrx_word' id='word_1_319' title='bbox 984 3343 1117 3402; x_wconf 86' lang='lat' dir='ltr'><strong>initiatos</strong></span> 
     </span>
     <span class='ocr_line' id='line_1_39' title="bbox 140 3425 1118 3489; baseline 0.002 -8"><span class='ocrx_word' id='word_1_320' title='bbox 140 3438 197 3482; x_wconf 93' lang='lat' dir='ltr'><strong>nos</strong></span> <span class='ocrx_word' id='word_1_321' title='bbox 220 3426 388 3485; x_wconf 89' lang='lat' dir='ltr'><strong>credimus:</strong></span> <span class='ocrx_word' id='word_1_322' title='bbox 416 3427 445 3485; x_wconf 90' lang='lat' dir='ltr'><strong>in</strong></span> <span class='ocrx_word' id='word_1_323' title='bbox 468 3426 619 3487; x_wconf 82' lang='lat' dir='ltr'><strong>vestibulo</strong></span> <span class='ocrx_word' id='word_1_324' title='bbox 641 3425 708 3488; x_wconf 93' lang='lat' dir='ltr'><strong>eius</strong></span> <span class='ocrx_word' id='word_1_325' title='bbox 728 3428 900 3489; x_wconf 87' lang='lat' dir='ltr'><strong>haeremus.</strong></span> <span class='ocrx_word' id='word_1_326' title='bbox 936 3425 986 3487; x_wconf 87' lang='lat' dir='ltr'><strong>illa</strong></span> <span class='ocrx_word' id='word_1_327' title='bbox 1004 3440 1118 3486; x_wconf 87' lang='lat' dir='ltr'><strong>arcana</strong></span> 
     </span>
    </p>
   </div>
   <div class='ocr_carea' id='block_1_3' title="bbox 0 0 1186 3840">
    <p class='ocr_par' dir='ltr' id='par_1_3' title="bbox 0 0 1186 3840">
     <span class='ocr_line' id='line_1_40' title="bbox 0 0 1186 3840; baseline 0 0"><span class='ocrx_word' id='word_1_328' title='bbox 0 0 1186 3840; x_wconf 95' lang='lat' dir='ltr'><strong> </strong></span> 
     </span>
    </p>
   </div>
  </div>
 </body>
</html>
