2364 3840
161 193 224 257 294
446 192 479 252 L.
503 191 649 251 ANNAEI
672 188 847 250 SENECAE

163 345 303 406 aedilicia
336 344 455 419 angulis
486 344 617 403 vidimus
645 343 761 403 moveri
787 341 959 417 iterumque
995 344 1138 418 conponi.

164 429 315 505 quaedam
332 444 404 487 vero
421 444 527 502 parurn
541 435 644 500 aptata
659 426 762 501 positu
777 442 835 488 suo
850 434 880 486 et
893 443 912 486 a
927 425 1022 486 labris
1038 429 1138 502 negle-

163 514 284 587 gentius
306 511 499 584 solutiusquc
519 509 682 584 conposita
701 518 800 571 terrae
820 519 921 571 motus
940 510 1067 584 saepius
1080 510 1139 585 agi·

135 601 224 656 stata
245 595 397 668 conpegit.
435 593 522 667 Quod
545 594 570 653 si
592 601 673 654 totos
696 593 828 667 parietes
843 601 873 653 et
889 601 969 654 totas
984 593 1073 655 findit
1088 593 1140 654 do·

165 695 232 739 mos
247 687 277 738 et
291 680 385 737 latera
401 693 577 751 magnarum
590 677 729 749 turnum,
746 692 808 751 qua
819 677 920 738 solida
932 684 1015 750 sunt,
1031 677 1141 738 scindit

165 771 195 823 et
216 763 292 838 pilas
315 760 460 835 operibus
476 759 613 820 subditas
629 760 772 835 dissipat:
795 761 867 834 quid
883 767 931 820 est
946 776 1043 834 quare
1058 760 1140 836 quis-

166 863 256 923 quam
279 845 402 919 dignum
424 844 561 904 adnotari
583 850 682 918 putet,
706 851 820 903 sectam
835 860 906 904 esse
920 844 1090 918 aequaliter
1103 844 1140 904 ab

165 932 225 989 imo
241 930 279 987 ad
294 936 385 1002 caput
399 928 429 987 in
446 935 547 1002 partes
564 927 641 987 duas
656 933 806 987 statuam?

138 1024 150 1074 1
227 1012 330 1072 XXXI.
360 1010 482 1085 Quare
508 1019 630 1070 tamen
658 1027 724 1084 per
751 1012 882 1085 plures
903 1009 989 1071 dies
1017 1019 1140 1071 motus

165 1094 263 1154 tuitt
290 1112 351 1155 non
374 1095 464 1154 desiit
483 1095 562 1154 enim
584 1094 714 1154 adsidue
734 1101 863 1154 tremere
878 1093 1060 1170 campania,
1084 1095 1140 1154 cle-

165 1180 296 1239 mentius
318 1179 456 1254 quidem,
483 1177 541 1237 sed
560 1177 674 1251 ingenti
695 1178 821 1250 damno,
843 1176 917 1252 quia
936 1193 1053 1253 quassa
1069 1194 1141 1253 qua-

165 1263 272 1333 tiebat,
296 1263 406 1338 quibus
428 1262 467 1321 ad
490 1261 660 1321 cadendum
683 1263 761 1320 male
777 1261 926 1322 stantibus
940 1277 1002 1321 non
1018 1270 1085 1322 erat
1099 1263 1141 1320 in-

167 1347 252 1421 pelli,
277 1347 333 1407 sed
348 1346 471 1420 agitari:
493 1345 628 1405 nondum
647 1344 788 1406 videlicet
803 1342 928 1419 spiritus
944 1345 1045 1405 omnis
1060 1346 1141 1404 exic-

166 1438 225 1501 rat,
247 1429 302 1489 sed
320 1429 421 1488 adhuc
436 1429 550 1489 emissa
563 1429 610 1489 sui
627 1435 712 1504 parte
726 1427 841 1488 maiore
857 1427 1028 1490 oberrabat.
1064 1428 1143 1488 Inter

166 1521 356 1587 argumenta,
384 1512 493 1585 quibus
515 1513 662 1586 probatur
685 1511 793 1586 spiritu
817 1512 876 1572 ista
900 1511 983 1584 fieri,
1011 1528 1073 1572 nou
1097 1520 1143 1572 est

137 1612 154 1663 a
167 1596 251 1671 quod
266 1597 387 1656 dubites
403 1604 432 1655 et
446 1595 504 1655 hoc
517 1611 640 1669 ponere.
671 1595 744 1655 Cum
756 1596 907 1655 maximus
919 1595 1020 1656 editus
1032 1602 1142 1656 trcnmr

167 1689 228 1751 est,
258 1696 318 1754 quo
340 1680 370 1738 in
390 1680 484 1738 urbes
508 1687 668 1754 terrasque
693 1680 842 1739 saevitum
864 1687 925 1752 est,
954 1696 1017 1741 non
1042 1686 1142 1755 potest

168 1778 224 1837 par
244 1763 284 1821 illi
307 1761 455 1837 subsequi
476 1763 568 1834 alius,
594 1763 649 1822 sed
673 1770 744 1837 post
761 1763 924 1822 maximum
940 1764 1028 1824 lenes
1043 1772 1141 1824 motus

167 1853 253 1918 sunt,
282 1847 354 1921 quia
379 1847 437 1906 iarn
464 1846 670 1906 vehementior
695 1847 808 1906 exitum
833 1846 933 1907 ventis
958 1847 1140 1908 luctantibus

167 1929 248 1990 tecit.
276 1929 424 2004 reliquiae
439 1930 550 1989 deinde
568 1928 683 1989 residui
698 1931 823 2004 spiritus
840 1946 901 1990 non
916 1931 996 1991 idem
1012 1936 1142 2006 possunt

166 2029 223 2072 nec
245 2030 349 2088 pugna
368 2014 427 2073 illis
448 2030 527 2088 opus
545 2021 607 2086 est,
635 2029 704 2072 cum
725 2013 785 2073 iam
805 2013 885 2072 viam
907 2014 1080 2075 invenerint
1095 2030 1140 2074 se

168 2106 361 2171 quantunque
376 2113 427 2170 ea,
451 2115 512 2171 qua
528 2098 624 2171 prima
638 2097 685 2156 vis
700 2112 736 2157 ac
751 2095 883 2156 maxima
897 2097 1006 2158 evasit.

138 2191 155 2244 3
227 2180 643 2254 Hocquoquedignum
665 2181 847 2240 memoria
868 2179 1001 2242 iudico
1023 2181 1139 2241 aberu-

167 2261 317 2322 ditlssimo
338 2269 367 2321 et
387 2261 568 2334 gravissimo
590 2262 655 2322 viro
671 2263 841 2339 cognituma
862 2264 940 2325 torte
956 2265 1052 2338 enim,
1075 2279 1141 2325 cum

166 2343 226 2404 hoc
249 2345 364 2416 evenit,
394 2345 561 2405 lavabatur.
589 2346 706 2407 vidisse
729 2365 764 2407 se
784 2347 924 2409 adfirmat
945 2348 983 2407 iu
1002 2348 1140 2409 balneo

166 2430 372 2500 tessellas‚
390 2429 957 2503 quibussolumeratstratunr‚
982 2432 1141 2492 alteram

166 2512 211 2571 ab
227 2515 348 2572 altera
366 2513 544 2591 separari
559 2513 776 2590 iterumque
791 2513 977 2576 committi
991 2521 1141 2593 ctaquam

166 2597 258 2656 niodo
273 2596 369 2671 recipi
384 2596 413 2656 in
431 2596 648 2657 commissuras
665 2599 839 2672 pavimento
852 2598 1036 2679 recedente,
1051 2600 1140 2660 modo

166 2695 336 2754 conpresso
359 2681 485 2739 ebullire
506 2688 536 2740 et
555 2682 636 2743 elidi.
676 2682 823 2743 Eumdem
844 2679 949 2742 audivi
969 2690 1140 2745 narrantem

166 2764 283 2822 vidisse
308 2779 343 2823 se
375 2766 559 2823 materias
593 2764 750 2826 mollius
778 2764 1041 2843 crebriusque
1069 2774 1140 2827 tre-

166 2861 266 2904 mere
287 2862 395 2920 quam
419 2856 558 2907 natura
580 2849 665 2909 duri
687 2847 790 2909 sinit.

134 2940 149 2992 1
227 2928 345 2987 XXXII.
375 2931 490 3004 Haec,
520 2931 615 2992 Lucili
640 2932 773 2992 virorum
799 2931 928 3008 optime,
962 2940 1142 3009 quantum

165 3011 210 3070 ad
240 3026 381 3072 causas
409 3012 534 3088 ipsas:
563 3015 631 3074 illa
657 3032 772 3089 nunc,
801 3032 898 3093 quae
926 3015 973 3076 ad
997 3017 1141 3079 contir-

164 3095 369 3154 mationem
391 3096 602 3158 animorum
626 3101 837 3174 pertinent,
867 3116 947 3176 quos
972 3102 1073 3179 magis
1096 3114 1142 3161 re·

164 3179 223 3237 tert
235 3185 340 3237 nostra
354 3180 495 3240 tortiores
506 3181 571 3241 fieri
585 3199 674 3257 quam
687 3183 852 3246 doctiores.
868 3184 925 3245 sed
936 3184 1103 3247 alterum
1078 3200 1142 3245 sinc

164 3262 259 3322 altero
277 3279 336 3322 non
354 3263 396 3323 tit
419 3279 480 3323 non
495 3264 575 3345 enim
590 3266 713 3326 aliunde
727 3267 810 3327 venit
824 3267 925 3328 animo
938 3267 1037 3331 robur
1052 3284 1143 3346 quam

131 3344 285 3405 'abonis
307 3347 438 3420 artibus,
460 3364 550 3421 quam
566 3365 583 3407 a
599 3351 854 3425 contemplatione
870 3358 1009 3412 naturae.
1048 3352 1144 3429 Quem

163 3429 243 3488 enim
273 3446 335 3491 non
367 3430 451 3490 hic
444 3445 512 3503 lpse
538 3447 629 3492 casus
655 3434 807 3495 adversus
833 3448 940 3496 omnes
965 3434 1142 3510 ssmtavorit.
