2364 3840
157 159 199 221 36
444 155 477 215 L.
501 153 646 214 ANNAEI
670 152 845 212 SENECAE

158 327 241 382 mus,
267 323 305 367 ne
332 309 413 367 vetut
436 305 617 365 intolerabili
643 306 763 364 sarcina
786 305 928 380 depressi
954 307 1139 370 deficiamus

159 395 281 453 auimo?
308 391 410 464 „bona
431 389 503 448 mihi
525 390 639 448 donata
657 395 728 448 sunt
749 395 779 447 et
801 390 897 450 tames
913 390 1063 466 defensa,
1087 393 1140 454 de·

160 485 273 538 tractae
295 475 421 546 sordes
446 477 599 546 [seruatus]
623 473 747 546 spiritus
763 480 793 531 et
812 474 937 534 libertas
952 475 1060 549 potior
1077 477 1140 551 spi-

159 560 232 620 ritu:
262 568 291 619 et
312 557 467 633 quomodo
492 557 607 614 reterre
631 558 757 630 gratiam
781 564 911 631 potero?
938 560 1067 632 quando
1091 562 1139 620 ille

131 645 261 706 dveniet
276 642 358 713 dies,
383 656 444 715 quo
459 640 500 699 itti
517 640 648 699 animum
662 655 761 700 meum
777 642 983 701 ostendami“
1011 643 1073 703 Hie
1088 642 1138 704 ilie

160 735 221 799 est,
251 741 312 801 quo
334 725 402 799 ipse
424 739 513 783 suum
537 724 678 783 ostendit.
712 723 821 799 excipe
842 725 1049 800 beneficium,
1077 744 1138 788 am-

159 812 296 885 plexare.
330 808 445 880 gaude,
469 821 529 865 non
551 808 635 881 quod
656 807 806 882 accipias,
836 809 893 868 sed
915 809 1000 885 quod
1022 811 1138 870 reddas

161 894 382 964 debiturusque
398 891 450 949 sis.
485 907 545 950 non
565 891 663 951 adibis
677 899 736 951 tam
753 908 883 966 magnae
896 893 940 951 rei
956 891 1137 967 periculum,

160 983 194 1035 ut
209 991 301 1034 casus
317 975 467 1048 ingratum
484 975 586 1033 iacere
601 981 630 1033 te
644 977 752 1049 possit.
780 976 884 1036 Nullas
896 976 949 1037 tibi
962 992 1137 1051 proponam

161 1059 372 1130 difficultates,
394 1074 432 1117 ne
447 1057 645 1132 despondeas
668 1059 782 1134 animo,
805 1077 844 1120 ne
864 1061 1004 1121 laborum
1020 1077 1059 1121 ac
1074 1063 1137 1124 lon-

161 1159 218 1217 gae
236 1141 390 1203 servitutis
407 1141 639 1216 exspectatione
657 1143 793 1203 deficias.
826 1161 887 1204 non
904 1144 1016 1205 differo
1033 1151 1081 1204 te:
1103 1147 1137 1206 de

160 1225 374 1300 praesentibus
396 1226 457 1286 fiat.
486 1225 657 1301 Numquam
680 1228 740 1285 eris
756 1236 875 1301 gratus,
898 1227 958 1288 nisi
973 1227 1081 1289 statim
1097 1245 1136 1290 es.

132 1309 237 1384 oQuid
257 1326 330 1385 ergo
352 1311 469 1369 faciest
498 1326 559 1368 non
575 1327 659 1369 arma
674 1312 823 1370 sumenda
837 1319 922 1372 sunt:
953 1320 984 1371 et
1005 1313 1137 1375 sortasse

160 1401 257 1454 erunt.
287 1411 348 1454 non
369 1391 465 1452 maria
487 1394 670 1453 emetienda:
701 1396 833 1454 sortasse
852 1396 942 1455 etiam
963 1397 1070 1458 ventis
1088 1397 1137 1457 mi·

161 1478 302 1538 nantibus
324 1478 439 1536 solves.
470 1477 516 1536 vis
541 1477 672 1536 reddere
694 1478 901 1538 beneficium?
927 1480 1067 1554 benigne
1092 1498 1137 1542 ac·

162 1562 243 1636 cipe:
273 1559 401 1621 retulisti
421 1560 563 1633 gratiam,
584 1578 644 1620 non
664 1569 696 1621 ut
710 1563 843 1622 soluisse
858 1570 888 1622 te
903 1571 1011 1638 putes,
1034 1567 1097 1626 sed
1111 1572 1138 1626 ut

162 1645 300 1705 securior
315 1644 440 1703 debeas.

448 1936 647 2020 uitium
675 1936 845 2019 SENECAE

376 2090 427 2140 Ab
454 2089 658 2140 AEBUTIUM
685 2090 916 2139 LIBERALEM

273 2205 1037 2306 uuuuuuitutts

539 2379 673 2440 LIBER
702 2378 752 2441 itt.

134 2664 146 2714 1
223 2645 246 2703 l.
268 2645 333 2706 Non
352 2648 467 2707 reterre
481 2646 640 2706 beneficiis
655 2649 782 2721 gratiam
798 2656 828 2707 et
843 2655 997 2723 estturpc
1014 2661 1049 2715 et
1063 2653 1140 2730 apud

163 2744 268 2788 omnes
283 2729 427 2804 habetur,
450 2731 562 2790 Aebuti
576 2730 733 2791 Liberalis.
763 2732 833 2791 ideo
850 2732 889 2793 de
903 2732 1040 2806 ingratis
1056 2740 1140 2799 eriam

162 2813 270 2886 ingrati
287 2823 469 2888 queruntur,
487 2831 554 2874 cum
567 2815 684 2874 interim
696 2815 755 2875 hoc
767 2815 909 2876 omnibus
920 2815 1046 2895 haeret,
1061 2820 1140 2898 quod

163 2895 303 2956 omnibus
320 2897 476 2972 displicet,
500 2899 642 2974 adeoque
656 2900 686 2958 in
702 2901 886 2960 contrarium
901 2899 977 2975 itur,
1004 2913 1043 2965 ut
1054 2921 1140 2982 quos·

163 2981 233 3039 dam
251 2979 419 3041 habeamus
441 2981 657 3043 infestissimos
681 3001 740 3044 non
759 2992 830 3058 post
844 2984 1003 3048 beneficia
1017 2997 1137 3062 tantum,

134 3064 219 3127 used
242 3072 368 3137 propter
388 3065 546 3125 beneficia.
585 3068 651 3127 Hoc
671 3068 821 3143 pravitate
843 3074 972 3130 naturae
1000 3075 1138 3135 accidere

165 3147 349 3221 quibusdum
371 3164 430 3208 uon
457 3150 646 3223 negaverim:
678 3153 831 3226 pluribuS,
863 3153 938 3228 quia
960 3159 1136 3220 memoriam

163 3239 285 3302 tempus
307 3232 517 3306 interpositum
541 3235 693 3295 subducit.
719 3253 788 3295 nam
805 3252 884 3311 quae
903 3243 1049 3303 recentia
1062 3238 1135 3319 apud

164 3313 232 3371 iilos
250 3314 421 3388 riguerunt,
445 3333 481 3376 ea
496 3319 650 3379 interiecto
667 3321 766 3395 spatio
783 3320 998 3386 obsolescunt
1022 3326 1066 3387 de
1080 3324 1134 3403 qu'r

164 3396 222 3456 bus
234 3398 328 3458 fuisse
339 3400 410 3460 mibi
422 3410 521 3461 tecum
530 3402 767 3477 disputationem
780 3403 855 3480 scio,
871 3421 940 3466 cum
951 3415 988 3469 tu
1001 3410 1133 3472 illosum
