2364 3840
446 430 481 513 l.
506 427 644 511 llllll
670 426 841 550 lllldll

373 581 422 633 ao
452 581 655 632 nueorron
686 580 930 630 nroununen·
1030 555 1040 571 ’

264 699 1023 796 ollullllulls

547 863 679 926 LIBER
708 865 742 925 V.

580 1021 710 1032 ———-

127 1168 141 1218 1
218 1149 250 1206 ln
268 1145 422 1220 prioribus
438 1147 522 1206 libris
537 1146 665 1205 videbar
681 1160 914 1207 consummasse
929 1145 1134 1219 propositum,

156 1248 225 1292 cum
237 1239 425 1305 tractassem,
436 1230 692 1304 quemadmodum
705 1230 838 1289 dandum
851 1228 1133 1302 essetbenelioium,

157 1314 660 1391 quemadmodum'accipiendum.
693 1312 725 1372 hi
740 1312 821 1373 enim
843 1319 912 1372 sunt
933 1311 1024 1371 huius
1041 1311 1132 1372 oliicii

154 1401 248 1460 fines:
276 1397 423 1473 quicquid
443 1399 522 1458 ultra
542 1413 660 1470 moror,
684 1413 746 1457 non
769 1398 870 1457 servio
892 1394 1053 1466 materiae,
1080 1395 1132 1454 sed

155 1485 315 1557 indulgeo,
339 1496 418 1556 quae
435 1498 495 1555 quo
512 1481 594 1541 ducit
608 1481 767 1556 sequenda
782 1487 843 1554 est,
865 1495 926 1540 non
943 1495 1005 1552 quo
1020 1479 1133 1539 invitat.

156 1567 294 1635 subinde¹
304 1565 382 1624 enim
399 1570 543 1624 nascetur
556 1581 618 1639 quo
631 1566 763 1624 lacessat
778 1565 881 1639 aliqua
895 1563 1060 1622 dulcedine
1073 1561 1132 1621 aui·

126 1662 252 1723 2mum,
279 1648 376 1722 magis
392 1664 452 1707 non
469 1663 694 1722 supervacuum
710 1664 801 1723 quam
819 1645 1038 1707 necessarium.
1076 1648 1132 1704 Ve-

155 1732 419 1808 rumquiaitavis,
436 1747 733 1806 perseveremus
747 1731 933 1806 peractis,
947 1745 1046 1804 quae
1059 1745 1133 1789 reru

157 1816 425 1888 continebant,
447 1817 664 1876 scrutaturi
680 1816 868 1887 etiamca,
891 1829 1003 1888 quae,
1023 1813 1057 1873 si
1075 1812 1132 1871 vis

156 1917 302 1971 verum,
330 1915 504 1959 connexa
528 1908 632 1971 sunt,
660 1916 731 1959 non
758 1895 1020 1958 cohaerentia.
1056 1911 1132 1972 quae

157 1985 299 2060 quisquis
317 1982 478 2056 diligenter
493 1984 630 2056 inspicit,
646 1999 703 2042 nec
718 1983 790 2042 lacit
805 1997 919 2057 operae
933 1982 1065 2055 pretium
1078 1995 1132 2039 nec

126 2077 253 2130 stanton
270 2067 370 2142 perdit
384 2081 518 2140 operam.
554 2066 618 2125 Tibi
634 2074 749 2137 autem,
765 2064 879 2126 bomini
894 2073 1003 2131 natura
1017 2064 1131 2139 optimo

156 2160 186 2210 et
209 2151 247 2209 ad
261 2147 411 2208 beneficia
427 2165 600 2225 propenso,
623 2150 770 2210 Liberalis
786 2150 911 2222 Aebuti,
929 2150 1014 2208 nulla
1027 2162 1131 2208 eorum

106 2248 112 2263 .
155 2233 289 2297 laudatio
304 2232 462 2293 satisfacit.
488 2233 640 2294 neminem
655 2250 799 2309 umquam
817 2233 879 2292 vidi
893 2240 955 2292 tarn
970 2233 1133 2306 benignum

156 2315 246 2377 eliam
266 2314 491 2377 levissimorum
513 2317 684 2379 olliciorum
706 2319 941 2378 aestimatorem.
968 2315 1028 2376 iam
1046 2314 1131 2374 bonif

155 2406 203 2459 tas
224 2406 276 2460 tua
295 2415 332 2460 eo
353 2416 455 2477 usquc
470 2403 617 2476 prolapsa
632 2410 693 2475 est,
718 2409 751 2463 ut
765 2401 817 2460 tibi
833 2400 899 2460 dari
913 2406 1005 2475 putes
1018 2397 1132 2458 bencdr

157 2483 249 2557 cium,
278 2484 360 2558 quod
386 2486 438 2547 ulli
463 2485 560 2547 dator.
595 2492 719 2561 paratus
741 2500 790 2557 es,
820 2499 970 2558 nequem
992 2476 1133 2542 beneficii

126 2568 323 2643 lpoeniteat,
339 2585 395 2643 pro
411 2570 537 2644 ingratis
550 2569 735 2644 dependere.
751 2569 823 2644 lpse
838 2583 937 2641 usque
952 2582 989 2627 eo
1005 2565 1082 2625 abes
1096 2564 1133 2624 ab

156 2653 238 2711 omni
265 2652 440 2726 iactatione,
466 2668 567 2729 usque
593 2669 630 2713 eo
656 2652 756 2712 statim
776 2652 824 2712 vis
842 2665 1026 2723 exonerare,
1054 2663 1133 2724 quos

156 2736 290 2809 obligas,
305 2742 339 2796 ut
355 2735 502 2811 quicquid
516 2737 546 2795 in
563 2737 694 2812 atquem
711 2737 850 2808 coniers,
866 2735 943 2794 velis
957 2733 1057 2793 videri
1072 2746 1132 2791 non

155 2825 328 2893 praestare,
354 2820 408 2878 scd
433 2818 579 2890 reddere,
606 2818 739 2894 ideoque
760 2817 880 2894 plenius
901 2817 942 2877 ad
955 2826 985 2878 te
1001 2817 1047 2877 sic
1064 2815 1134 2875 dato

154 2909 353 2963 revertentur.
377 2917 447 2960 narn
463 2902 527 2960 lere
539 2909 709 2976 sequuntur
723 2902 873 2962 beneficia
889 2918 951 2962 non
965 2914 1134 2975 reposcen-

155 2993 216 3045 tem
237 2993 281 3059 et,
307 2992 340 3045 ut
361 2985 458 3059 gloria
479 2985 630 3058 fugientes
651 2985 749 3061 magis
774 2987 927 3060 sequitur,
953 2986 995 3044 ita
1015 2985 1133 3043 fructus

155 3069 374 3128 beneficiorum
388 3065 504 3141 gratius
519 3069 687 3141 respondet
700 3069 775 3142 illis,
794 3085 849 3143 pcr
862 3084 941 3143 quos
957 3067 1047 3127 etiam
1062 3080 1134 3126 esse

126 3153 282 3226 bingratis
304 3150 383 3210 licet.
414 3149 473 3210 Per
487 3157 517 3209 te
533 3167 606 3212 vcro
622 3168 682 3212 non
701 3161 748 3213 cst
763 3169 864 3225 mora,
887 3166 949 3227 quo
964 3150 1066 3210 minus
1080 3148 1134 3208 be·

155 3235 266 3294 nellcia
281 3235 332 3308 qui
343 3241 541 3308 acceperunt,
558 3237 635 3295 ultro
650 3243 804 3310 repetant,
820 3251 877 3295 nec
888 3234 1049 3295 recusabis
1062 3248 1135 3293 con-

156 3320 235 3377 ierre
255 3319 314 3379 alia
335 3327 365 3378 et
385 3316 562 3392 subpressis
585 3317 845 3394 dissimulatisque
866 3319 954 3392 plura
966 3332 1004 3376 oc
1019 3313 1134 3376 maiora

157 3403 292 3461 adicere:
325 3402 515 3477 propositum
540 3402 645 3476 optimi
667 3403 772 3462 viriet
795 3401 926 3476 ingentis
941 3400 1048 3475 animi,
1071 3405 1135 3459 tam
