2364 3840
275 185 327 246 DE
348 185 562 247 BENEFICIIS
586 185 659 244 LlB.
672 186 739 244 Vll.
762 192 896 247 19-23.
1009 184 1072 250 149

89 339 198 399 redeat
213 337 253 397 ad
267 335 436 408 dominum,
456 333 557 396 bonus
573 337 612 395 sit
626 352 665 394 an
682 336 791 395 malus.
822 336 918 410 quida
942 335 1069 410 diligen·

95 438 136 484 ter
157 420 240 482 istud
261 426 451 492 excuterem,
474 420 500 479 si
518 435 577 480 non
592 419 769 491 redderem,
791 418 847 478 sed
865 419 977 477 darem.
1012 419 1069 480 Hic

90 507 180 566 locus
196 504 327 564 labulam
344 502 454 578 poscit.

154 587 231 646 XXI.
258 585 481 664 Pythagoricus
504 585 626 661 quidam
649 591 763 644 emerat
783 592 921 645 asutore
935 584 1097 659 phaeca·1

90 672 154 745 sia,
169 686 234 729 rem
244 685 384 743 magnum
396 686 457 729 non
471 668 684 744 praesentibus
693 669 834 728 nummis.
870 667 944 728 Post
954 668 1071 741 aliquot

91 756 159 815 dies
178 753 261 812 venit
282 753 323 811 ad
342 752 500 812 tabernam
519 752 695 812 redditurus
716 758 761 824 et,
784 767 852 810 cum
866 753 1003 811 clausam
1017 752 1070 811 diu

91 839 242 912 pulsaret,
271 837 327 896 luit
347 837 399 911 qui
421 835 551 896 diceret:
580 834 677 910 „quid
692 836 797 909 perdis
813 842 960 910 operam?
984 843 1070 894 sutor

89 923 142 982 ille
160 935 252 995 quem
267 920 389 994 quaeris
405 922 518 990 elatuS,
541 918 710 980 conbustus
724 925 780 978 est.
805 920 889 994 quod
904 918 993 979 nobis
1009 918 1068 978 lor·

88 1011 176 1064 tasse
193 1004 352 1062 molestum
373 1010 435 1076 cst,
458 1003 510 1076 qui
530 1004 559 1061 in
582 1010 737 1062 aeternum
755 1010 878 1062 nostros
895 1003 1068 1076 amittimus,

89 1085 145 1146 tibi
161 1087 296 1158 minime,
317 1086 370 1160 qui
391 1087 453 1146 scis
470 1087 602 1145 iuturum
617 1093 650 1145 ut
664 1091 881 1157 renascatur,“
904 1087 1022 1146 iocatus
1038 1088 1068 1145 in

88 1169 336 1248 Pythagoricum.
372 1170 414 1228 At
433 1170 638 1245 philosophus
656 1174 762 1227 noster
780 1175 844 1228 tres
865 1176 917 1228 aut
939 1177 1096 1244 quatuora

91 1253 236 1313 denarios
257 1269 319 1313 non
336 1253 431 1311 invita
446 1270 538 1312 manu
553 1255 677 1312 domum
691 1251 792 1310 retulit
807 1251 938 1310 subinde
954 1267 1066 1312 concu-

89 1337 181 1396 tiens.
213 1336 324 1394 deinde
345 1351 414 1395 cum
434 1336 686 1411 reprehendisset
704 1335 784 1393 hanc
804 1350 892 1394 suam
913 1350 975 1394 non
997 1335 1066 1395 red-

90 1419 185 1479 dendi
204 1420 324 1480 tacitam
344 1420 546 1495 voluptatem,
567 1419 746 1494 intellegens
762 1417 904 1478 arrisisse
919 1416 977 1476 sibi
992 1418 1067 1478 illud

89 1503 248 1575 lucellum,
267 1503 348 1563 redit
362 1504 401 1563 ad
418 1504 556 1563 eamdem
571 1503 726 1563 tabernam
743 1509 774 1562 ct
787 1503 843 1561 ait:
872 1501 942 1575 „ille
956 1500 1010 1560 tibi
1025 1501 1067 1560 vi-

91 1587 143 1645 vit.
171 1585 267 1645 redde
288 1587 372 1659 quod
392 1586 518 1649 debes.“
559 1587 675 1647 Deinde
702 1603 757 1661 per
783 1586 929 1645 clostrum
951 1600 1068 1659 quase

91 1669 293 1731 commissura
307 1671 478 1744 laxaverat,
501 1679 632 1745 quatuor
646 1670 789 1729 denarios
807 1671 835 1728 in
852 1668 1007 1729 tabernam
1023 1669 1067 1726 in·

89 1752 188 1813 seruit
203 1759 251 1824 [ac
265 1753 355 1829 misit]
372 1768 489 1827 poenas
505 1770 524 1812 a
538 1769 573 1813 se
585 1752 712 1827 exigens
722 1752 870 1827 inprobae
882 1752 1066 1827 cupiditatis

89 1850 130 1895 ne
145 1836 246 1894 alieno
262 1835 468 1896 adsuesceret.

152 1917 245 1978 XXll.
273 1919 360 1991 Quod
382 1919 493 1994 debes,
524 1933 638 1994 quaere
664 1921 712 1979 cui
737 1919 851 1978 reddas
877 1925 906 1977 et
932 1919 958 1978 si
979 1927 1098 1979 nemol

90 2008 215 2078 poscet,
237 2002 306 2077 ipse
320 2010 350 2062 te
364 2002 495 2077 adpelle.
524 2004 621 2062 malus
637 2019 674 2061 an
689 2002 789 2062 bonus
807 2001 885 2081 [sit],
908 2001 948 2060 ad
962 2008 991 2060 te
1006 2017 1067 2060 non

88 2083 231 2161 pertinet.
258 2086 354 2146 redde
368 2092 399 2146 et
414 2095 443 2147 te
458 2102 581 2147 accusa.
611 2086 722 2146 oblitus
737 2101 787 2159 es,
812 2084 1067 2160 quemadmodum

87 2169 240 2229 intervos
255 2170 357 2229 olllcia
372 2168 472 2231 divisa
486 2171 561 2230 sint:
584 2170 625 2228 illi
642 2170 754 2229 oblivio
770 2170 918 2244 imperata
932 2175 993 2240 est,
1014 2168 1068 2228 tibi

88 2251 267 2312 meminisse
281 2253 503 2315 mandavimus.
538 2255 757 2333 Erratutamem
782 2256 808 2314 si
824 2254 893 2327 quis
905 2251 1066 2324 existimat,

89 2351 160 2395 cum
181 2335 309 2396 dicimus
330 2352 399 2396 eum
422 2339 474 2413 qui
493 2337 677 2398 beneficium
697 2337 795 2410 dedit,
819 2337 959 2397 oblivisci
975 2351 1066 2410 opor·

87 2426 169 2491 tere,
188 2427 333 2479 excutere
348 2436 405 2481 nos
420 2421 461 2481 illi
475 2423 649 2482 memoriam
664 2422 709 2480 rei
725 2420 902 2495 praesertim
914 2419 1066 2478 honestis-

89 2502 201 2562 simae:
225 2502 376 2576 quaedam
391 2506 595 2580 praecipimus
610 2505 689 2565 ultra
705 2504 844 2576 modum,
860 2501 946 2561 ulad
961 2513 1078 2560 verum¹

88 2592 120 2645 et
140 2601 230 2645 suum
250 2586 386 2646 redeant
426 2588 499 2648 Cum
520 2589 664 2648 dicimus:
688 2585 862 2645 meminisse
883 2600 944 2642 non
966 2583 1097 2655 debead

87 2667 150 2728 hoc
169 2669 313 2730 volumus
334 2671 482 2745 intellegi:
507 2672 685 2745 praedicare
699 2686 761 2729 non
778 2667 869 2728 debet
881 2682 939 2726 nec
953 2667 1066 2726 iactare
1160 2691 1169 2715 ο

88 2767 147 2811 nec
168 2753 271 2826 gravis
292 2767 373 2813 esse.
410 2754 537 2828 Quidam
553 2755 633 2815 enim
652 2752 851 2825 beneficium,
872 2749 957 2825 quod
973 2750 1065 2809 dede-

88 2843 173 2906 runt,
190 2836 330 2896 omnibus
345 2838 466 2898 circulis
482 2845 614 2898 narrant.
637 2837 696 2896 hoc
711 2836 806 2895 sobrii
822 2835 993 2910 loquuntur,
1006 2833 1066 2892 hoc

88 2916 166 2978 ebrii
192 2935 254 2978 non
281 2921 450 2994 continent,
478 2921 538 2981 hoc
565 2921 676 2994 ignotis
697 2920 852 2992 ingerunt,
878 2918 938 2979 hoc
960 2916 1066 2977 amicis

88 3001 293 3062 committunt=
316 3011 348 3062 ut
362 3003 438 3063 haec
454 3005 545 3062 nimia
560 3012 590 3063 et
604 3001 819 3077 exprobratrix
833 3001 979 3062 memoria
993 2999 1065 3060 sub·

88 3084 220 3157 siderei,
244 3085 383 3145 oblivisci
404 3102 488 3160 eum,
512 3088 563 3162 qui
580 3087 676 3156 dedit,
702 3087 860 3156 iussimus,
883 3094 912 3146 et
928 3087 996 3160 plus
1012 3084 1065 3142 im·

88 3167 228 3243 parando
245 3185 336 3242 quam
352 3171 500 3244 praestari
515 3166 648 3244 poterat,
672 3170 824 3230 silentium
840 3170 1004 3229 suasimus.

150 3250 255 3310 XXlll.
279 3251 423 3325 Quotiens
440 3271 546 3328 parum
561 3253 692 3313 fiduciae
708 3255 798 3313 estin
814 3253 870 3325 his,
888 3252 999 3326 quibus
1011 3249 1064 3307 im·
1080 3253 1096 3305 1

88 3349 195 3408 peres,
217 3336 348 3410 amplius
365 3344 411 3395 est
425 3338 608 3411 exigendum
626 3353 716 3411 quam
731 3343 778 3395 sat
793 3343 854 3407 est,
878 3343 911 3396 ut
930 3339 1066 3407 praeste-

87 3425 136 3478 tur
150 3425 297 3491 quantum
312 3427 360 3478 sat
374 3427 430 3478 est.
461 3420 495 3477 ln
511 3420 569 3478 hoc
585 3421 683 3478 omnis
698 3417 869 3496 hyperbole
884 3414 1065 3485 extenditur,

86 3507 120 3560 ut
134 3499 175 3559 ad
189 3516 296 3560 verum
312 3502 473 3561 mendacio
489 3503 597 3561 veniat.
620 3503 723 3576 itaque
740 3501 804 3572 ille,
825 3515 893 3559 cum
908 3495 983 3557 dixit
