2364 3840
148 181 210 246 276
437 181 469 238 t.
489 179 634 239 nnn-titt
657 178 831 238 SENECAE

148 344 197 394 ctu
213 334 415 407 introspicere
431 332 503 390 etin
524 332 650 391 deorum
666 338 785 390 secreta
804 330 1004 391 descendere.
1035 332 1124 406 pluri-

146 435 227 477 mum
248 417 286 474 ad
310 416 526 476 inveniendum
543 416 682 487 contulit,
707 413 759 488 qui
774 414 911 488 speravit
926 430 1023 489 posse
1037 431 1125 488 repe-

115 502 207 567 ariri.
231 516 298 559 cum
315 501 514 559 excusatione
528 499 632 574 itaque
647 502 767 559 veteres
779 496 925 557 audiendi
937 507 1017 558 sunt.
1039 498 1125 558 Nulla

145 602 197 645 res
220 590 512 655 consummataest,
533 583 606 641 dum
627 582 740 656 incipit.
762 597 820 640 nec
842 582 871 640 in
889 581 949 641 hae
963 589 1081 642 tantum
1094 598 1126 640 ra

147 669 281 728 omnium
297 669 428 726 maxima
442 675 534 741 atque
550 666 787 738 involutissima,
804 665 833 723 in
853 680 930 739 qua,
951 666 1043 724 etiam
1059 681 1126 726 cum

146 753 272 813 muitum
287 752 343 809 acti
356 752 426 822 erit,
444 751 542 808 omnis
557 758 657 809 tamen
669 757 768 822 aetas,
787 749 872 824 quod
883 756 968 822 agat,
984 750 1125 822 inveniet,

149 837 205 898 sed
220 836 249 893 in
266 833 346 893 omni
363 834 421 892 alio
438 835 560 906 negotio
578 836 667 907 longe
682 850 700 891 a
715 835 850 907 perfecto
867 833 952 892 tuere
967 832 1125 909 principia.

118 928 131 977 t
210 919 263 976 Vl.
286 917 326 974 ln
344 933 447 991 aqua
470 917 685 977 dictumest
706 932 863 975 causam
885 932 976 976 esse
996 917 1124 977 necab

149 1018 225 1061 uno
248 1015 317 1058 nee
339 1017 415 1059 uno
438 1001 562 1061 modo.
590 1000 937 1073 Thatesntitestus
959 1008 1122 1061 totamter-

148 1101 211 1142 ram
229 1084 366 1144 subiecto
383 1084 497 1144 iudicat
510 1084 638 1144 humore
654 1084 768 1158 portari
783 1091 814 1143 et
828 1085 948 1158 innare,
971 1086 1040 1144 sive
1053 1083 1126 1144 iliud

149 1184 298 1227 oceanum
320 1183 428 1242 vocas,
452 1168 518 1228 sive
535 1185 677 1243 magnum
697 1183 796 1241 mare,
821 1170 887 1227 sive
900 1168 1027 1228 atterius
1042 1175 1125 1227 natu-

148 1268 200 1311 rae
229 1253 398 1327 simplicem
423 1252 523 1311 adhuc
552 1268 663 1326 aquam
691 1258 721 1310 et
750 1251 905 1312 humidum
933 1253 1125 1313 elementum.

148 1337 253 1408 „Hac,
271 1336 382 1411 inquit,
398 1336 481 1395 unda
497 1337 662 1395 sustinetur
677 1335 760 1394 orbis
777 1336 859 1395 velut
873 1335 1000 1409 aliquod
1011 1337 1126 1410 grande

117 1435 133 1486 ε
150 1422 300 1494 navigium
314 1429 343 1478 et
353 1435 446 1493 grave
458 1418 505 1477 his
518 1420 620 1493 aquis,
641 1435 719 1493 quas
732 1420 870 1492 premit.“
893 1417 1124 1493 Supervacuum

150 1512 197 1563 est
211 1504 342 1562 reddere
357 1517 484 1571 causas,
507 1511 632 1576 propter
647 1519 724 1576 qrras
740 1502 893 1561 existimat
911 1502 1125 1576 gravissimam

150 1595 266 1661 partem
282 1585 387 1645 mundi
402 1601 463 1644 non
480 1601 576 1659 posse
592 1584 702 1661 spiritu
717 1594 776 1644 tom
797 1586 880 1645 tenui
896 1585 1061 1660 sagacique
1075 1601 1125 1660 ge-

150 1671 233 1728 stari.
264 1685 323 1728 non
342 1669 421 1726 enim
435 1685 517 1727 nunc
532 1668 571 1727 de
587 1671 647 1729 situ
661 1677 824 1743 terrarum,
840 1668 897 1729 sed
913 1669 952 1728 de
968 1677 1054 1730 motu
1064 1670 1119 1743 agi·

149 1761 209 1812 tur:
232 1752 306 1811 ittud
333 1754 501 1826 argumenti
529 1754 597 1811 ioco
626 1752 726 1828 ponit,
752 1768 851 1827 aquas
872 1767 945 1812 esse
965 1752 996 1811 in
1022 1769 1125 1824 causa,

151 1835 262 1911 quibus
288 1835 337 1894 hic
362 1837 445 1897 orbis
472 1837 612 1910 agitetur,
639 1837 724 1911 quod
749 1837 779 1895 in
803 1836 884 1895 omni
906 1834 1025 1897 maiore
1044 1844 1128 1896 motu

151 1927 312 1994 erumpunt
332 1919 404 1980 novi
426 1922 541 1992 sontes,
564 1921 643 1980 sicut
664 1921 693 1978 in
715 1920 845 1993 navigiis
868 1935 993 1995 quoque
1015 1921 1127 1992 evenit,

150 2011 181 2062 ut
200 2005 225 2063 si
241 2005 382 2063 inclinata
398 2011 511 2063 suntet
525 2005 664 2063 abierunt
678 2004 707 2062 in
723 2005 816 2075 iatuS,
838 2019 950 2076 aquam
971 2003 1126 2063 sorbeant

151 2103 230 2161 quae
245 2089 275 2144 in
292 2087 372 2147 omni
387 2087 402 2123 *
417 2102 544 2147 onerum
564 2103 686 2159 eorum,
707 2102 786 2161 quae
805 2087 902 2160 vehit,
926 2085 955 2146 si
974 2087 1127 2147 inmodice

149 2171 300 2242 depressa
311 2176 395 2239 sunt,
410 2177 461 2228 aut
473 2171 700 2244 superfunditur
712 2178 763 2229 aut
774 2179 856 2231 certe
869 2171 979 2231 dextra
990 2170 1127 2231 sinistra·

116 2266 211 2326 nque
232 2253 325 2310 solito
345 2254 443 2326 magis
466 2254 571 2325 surgit.
609 2255 696 2312 Hanc
718 2254 894 2329 opinionem
919 2269 992 2315 esse
1019 2256 1126 2314 falsam

149 2352 211 2396 non
227 2342 274 2393 est
289 2334 341 2393 diu
356 2334 573 2409 colligendum:
597 2353 666 2396 nam
680 2338 707 2395 si
724 2345 804 2396 terra
817 2352 899 2411 aqua
914 2338 1126 2409 sustineretur,

151 2426 200 2492 [et
220 2435 256 2478 ea
277 2420 443 2492 aliquando
467 2426 710 2491 concuteretur,]
734 2436 857 2495 semper
878 2428 1057 2482 moveretur
1071 2436 1126 2480 nec

149 2502 257 2576 agitari
272 2504 352 2563 iilam
371 2503 564 2575 miraremur,
582 2503 638 2563 sed
653 2518 786 2562 manere.
809 2504 921 2564 deinde
934 2512 1000 2565 tota
1014 2521 1125 2565 concu-

149 2594 278 2659 teretur,
301 2603 361 2646 non
385 2603 424 2645 ex
440 2595 535 2662 parte.
568 2603 734 2660 numquam
746 2588 826 2647 enim
839 2587 929 2649 navis
944 2588 1073 2648 dimidia
1086 2590 1125 2646 ia·

150 2678 263 2730 ctatur=
297 2686 377 2729 nunc
403 2687 476 2729 vern
498 2679 645 2729 terrarum
667 2687 727 2729 non
750 2671 979 2743 universarum,
1006 2671 1065 2732 sed
1088 2684 1125 2729 ex

150 2762 237 2826 parte
251 2762 352 2814 motus
369 2762 425 2815 est.
448 2753 608 2827 Quomodo
625 2770 697 2828 ergo
711 2754 777 2812 fieri
793 2762 912 2827 potest,
931 2760 966 2815 ut
981 2754 1068 2830 quod
1082 2761 1124 2813 to·

150 2846 212 2894 tum
236 2838 371 2909 vehitur,
397 2845 493 2898 totum
520 2854 580 2897 non
607 2838 748 2912 agitetur,
775 2841 801 2896 si
827 2853 880 2911 eo,
907 2853 970 2913 quo
995 2837 1124 2905 vehitur,

117 2919 291 2991 rogitatum
318 2927 387 2979 este
421 2925 488 2993 „nt
513 2937 608 2996 quare
628 2937 727 2996 aquae
752 2926 965 2995 erumpuntt“
995 2920 1125 2981 Primum

150 2999 282 3059 omnium
306 3018 400 3076 saepe
420 3007 540 3065 tremuit
560 3014 640 3065 terra
655 3014 684 3066 et
698 3004 772 3063 nihil
787 3003 925 3064 humoris
939 3005 1014 3065 novi
1028 3003 1124 3065 fluxit.

150 3084 262 3142 deinde
285 3083 311 3142 si
335 3100 371 3141 ex
395 3084 452 3145 hac
475 3104 568 3148 causa
589 3090 672 3147 unda
695 3095 921 3163 prorumperet,
948 3088 1125 3149 alateribus

150 3175 249 3226 terrae
270 3167 577 3244 circumfunderetur,
600 3172 680 3232 sicut
699 3173 728 3231 in
744 3171 921 3233 fluminibus
938 3186 976 3231 ac
989 3173 1067 3231 mari
1084 3171 1125 3229 vi·

151 3252 259 3308 demus
275 3249 426 3322 incidere,
448 3259 480 3310 ut
494 3253 710 3314 incrementum
726 3272 892 3330 aquarum,
915 3256 1060 3330 quotiens
1074 3269 1125 3313 na-

151 3333 231 3406 vigia
243 3332 403 3406 desidunt,
419 3335 448 3391 in
461 3336 604 3395 lateribus
617 3337 747 3397 maxime
759 3339 916 3413 adpareat.
937 3338 978 3399 ad
994 3339 1125 3399 utttmum

151 3432 212 3475 non
228 3425 286 3477 tam
303 3416 415 3490 exigua
429 3417 531 3491 fieret,
550 3435 639 3494 quam
657 3428 687 3480 tu
701 3422 799 3496 dicis,
820 3423 940 3498 eruptio
957 3438 1062 3497 neque
1075 3435 1127 3481 ve-
