2364 3840
372 397 408 478 l.
434 394 575 480 lllllll
603 396 774 481 llllmll

445 562 504 613 AD*
523 562 711 618 LUCILIUM

102 690 533 792 nlrunlmun
582 692 1053 798 onlnsrlonun

487 879 622 942 LIBER
645 877 668 940 l.

407 1147 750 1207 PROLOGUS.

155 1241 304 1315 Quantum
320 1243 397 1302 inter
415 1242 642 1319 philosophiam
659 1242 798 1314 interest,
821 1240 917 1302 Lucili
933 1243 1066 1303 virorum
1080 1260 1094 1312 1

90 1327 221 1403 optime,
249 1334 279 1386 et
299 1332 417 1385 ceteras
441 1334 537 1401 artes,
565 1334 679 1387 tantum
700 1327 851 1385 interesse
871 1327 1012 1386 existimo
1036 1326 1066 1385 in

89 1407 161 1486 ipsa
180 1409 376 1485 philosophia
396 1411 473 1470 inter
492 1412 573 1470 illam
595 1417 728 1485 partem,
759 1425 839 1486 quae
859 1409 899 1470 ad
916 1410 1066 1484 homines,

90 1501 120 1554 et
134 1494 230 1565 hanc,
256 1509 335 1568 quae
349 1494 389 1553 ad
405 1494 481 1554 deos
496 1495 637 1569 pertinet.
671 1494 770 1555 Altior
791 1502 838 1576 est
857 1494 935 1553 haec
953 1502 983 1554 et
1003 1495 1066 1552 ani-

89 1578 215 1638 mosior.
243 1578 368 1637 multum
390 1579 527 1652 permisit
547 1578 621 1637 sibi:
645 1594 706 1638 non
727 1578 783 1638 luit
797 1578 894 1639 oeulis
914 1584 1067 1639 contenta.

88 1661 188 1721 maius
209 1677 281 1720 csse
303 1660 447 1736 quiddam
469 1663 625 1738 suspicata
645 1669 694 1721 est
719 1677 756 1721 ac
781 1661 954 1737 pulchrius,
984 1662 1068 1738 quod

89 1752 178 1805 extra
198 1753 397 1820 conspectum
414 1753 521 1805 natura
536 1746 703 1820 posuisset.
742 1746 882 1821 Denique
896 1753 1010 1806 tantum
1025 1747 1096 1807 ini

88 1836 136 1889 ter
156 1829 234 1888 duas
256 1829 395 1902 interest,
419 1838 564 1904 quantum
585 1828 663 1888 inter
677 1829 767 1887 deum
783 1826 987 1888 ethominem.
1025 1831 1067 1888 al-

88 1920 156 1972 tera
171 1912 276 1986 docet,
297 1912 370 1988 quid
386 1913 416 1971 in
432 1914 521 1973 terris
537 1913 690 1988 agendum
705 1913 758 1984 sit,
781 1914 890 1985 altera,
907 1911 982 1986 quid
997 1927 1067 1985 aga-

88 2005 137 2056 tur
157 1997 189 2055 in
206 1998 303 2058 coelo.
331 1997 426 2057 altera
440 2012 561 2058 errores
578 2004 701 2056 nostros
716 1995 841 2056 discutit
854 2003 883 2055 ct
898 1996 998 2055 lumen
1014 1995 1066 2054 ad-

88 2086 212 2153 movet,
242 2096 303 2155 quo
324 2080 536 2140 discernantur
561 2081 703 2155 ambigua
721 2081 821 2140 vitae:
854 2082 948 2138 altera
973 2079 1067 2139 multo

89 2180 186 2238 supra
206 2163 300 2238 hanc,
327 2165 356 2222 in
379 2181 441 2239 qua
460 2167 647 2239 volutamur,
677 2163 836 2238 caliginem
857 2163 979 2224 excedit
999 2170 1030 2222 et
1051 2178 1068 2222 e

88 2247 224 2308 tenebris
239 2255 362 2322 ereptos
378 2248 519 2324 perducit
532 2250 599 2322 illo,
614 2249 697 2309 unde
708 2250 798 2307 lucet.
834 2247 986 2323 Equidem
997 2255 1098 2310 tunct

87 2347 191 2392 rerum
211 2340 336 2391 naturae
356 2333 469 2406 gratias
489 2348 565 2406 ago,
588 2349 656 2392 cum
675 2334 756 2392 illam
776 2349 838 2392 non
852 2333 890 2390 ab
908 2331 966 2390 hac
982 2338 1069 2406 parte

87 2415 195 2488 viden,
218 2432 279 2489 qua
300 2416 423 2490 publica
444 2423 504 2489 est,
527 2417 584 2475 sed
602 2432 671 2476 cum
687 2417 853 2476 secretiora
868 2416 934 2474 eius
949 2415 1067 2486 intravi,

89 2515 159 2560 cum
180 2499 283 2572 disco,
314 2514 393 2574 quae
414 2500 548 2558 universi
568 2499 694 2559 materia
715 2500 766 2569 sit,
796 2499 864 2572 quis
889 2504 996 2556 auctor
1017 2503 1069 2555 aut

89 2590 212 2656 custos,
236 2583 309 2657 quid
323 2583 363 2642 sit
378 2583 471 2655 deus,
494 2589 576 2643 totus
593 2585 622 2642 in
639 2599 673 2642 se
689 2581 826 2641 intendat
841 2597 879 2638 an
894 2580 932 2638 ad
945 2592 1002 2637 nos
1015 2578 1068 2636 ali-

90 2666 215 2742 quando
237 2666 396 2740 respiciat,
420 2667 511 2725 iaciat
532 2667 642 2727 cotidie
657 2665 773 2739 aliquid
788 2681 825 2723 an
843 2664 937 2722 semel
953 2661 1067 2735 lecerit,

89 2767 163 2824 pars
180 2750 285 2809 mundi
300 2750 339 2809 sit
352 2766 391 2808 an
406 2751 555 2823 mundus,
579 2752 667 2810 liceat
681 2749 722 2807 illi
735 2746 891 2822 hodieque
903 2747 1069 2805 decernere

89 2841 120 2892 et
134 2848 174 2893 ex
188 2835 256 2908 lege
271 2833 400 2892 latorum
416 2833 534 2909 aliquid
548 2835 697 2907 derogare
711 2849 749 2892 an
761 2831 928 2892 maiestatis
940 2831 1067 2890 diminu-

88 2917 131 2977 tio
151 2917 191 2976 sit
212 2923 242 2977 et
262 2918 418 2978 consessio
434 2919 548 2978 erroris
563 2916 708 2977 mutanda
724 2917 847 2976 iecisse.
876 2931 1006 2975 necesse
1021 2920 1070 2974 est

91 3001 183 3073 [enim
200 3001 239 3072 ei]
256 3001 363 3060 eadem
376 3003 513 3075 placere,
530 3003 578 3060 cui
590 2999 648 3058 nisi
661 3001 775 3074 optima
785 3002 910 3076 placere
920 3016 982 3060 non
996 3015 1068 3073 pos-

90 3091 171 3143 sunt.
199 3098 258 3142 neo
278 3085 318 3142 ob
338 3084 399 3145 hoc
421 3085 520 3144 minus
541 3084 618 3143 liber
640 3092 669 3143 ct
690 3091 878 3158 potensest:
906 3085 973 3158 ipse
989 3083 1087 3163 enim*

89 3174 138 3227 est
157 3170 327 3227 necessitas
349 3178 415 3227 sua.
453 3169 516 3227 Nisi
538 3168 576 3226 ad
594 3166 671 3226 haec
687 3169 873 3240 admitterer,
894 3184 956 3227 non
971 3169 1100 3229 lucrati

89 3250 187 3311 nasci.
218 3251 291 3325 quid
311 3252 390 3310 enim
411 3260 490 3325 crat,
514 3267 567 3310 cur
582 3251 611 3310 in
628 3268 754 3312 numero
770 3253 934 3311 viventium
950 3267 998 3309 me
1014 3266 1068 3324 po·

89 3333 181 3394 situm
193 3350 265 3394 esse
276 3336 463 3409 gauderem?
477 3351 516 3394 an
527 3342 560 3394 ut
570 3335 656 3397 cibos
666 3343 696 3395 et
708 3337 850 3412 potiones
861 3336 1069 3409 percolarcmt

87 3424 121 3477 ut
141 3417 201 3479 hoc
223 3434 336 3500 corpus
357 3420 530 3480 causarium
548 3435 584 3479 ac
599 3417 726 3479 fluidum
741 3419 985 3495 periturumque,
1009 3415 1068 3474 nisi
1109 3443 1112 3450 ·
