2364 3840
314 205 454 265 NATUR.
470 205 633 279 QUAEST.
655 206 727 265 LIB.
738 208 778 266 V.
801 214 844 268 18.
1006 207 1071 272 269

92 373 153 417 non
170 358 306 417 emittere
320 357 445 432 aliquod
461 374 549 417 suum
565 358 675 417 mulum
692 357 805 433 possit:
827 360 910 418 unde
925 361 1006 434 scio,
1030 378 1070 422 an

91 458 173 501 nune
195 440 305 515 aliquis
328 456 456 515 magnae
478 442 577 515 gentis
597 442 629 500 in
648 441 751 502 abdito
766 442 910 502 dominus
928 445 1069 504 fortunae

90 527 280 600 indulgentia
294 532 413 583 tumens
427 541 490 583 non
502 526 745 586 continealintra
760 526 905 586 terminos
920 543 1013 601 arma,
1029 543 1068 587 an

89 617 178 684 paret
193 610 311 668 classes
327 609 430 682 ignota
446 607 597 668 moliens?
618 610 700 669 unde
715 610 796 685 scio,
815 610 865 669 hic
879 611 950 670 mihi
965 627 1003 670 an
1018 611 1069 670 ille

82 700 199 754 uentus
219 693 333 765 bellum
352 692 496 752 invehet‘l
523 707 634 766 magna
647 709 720 768 pars
737 701 801 753 erat
814 694 965 755 humanae
982 695 1069 770 pacis

88 775 185 836 maria
206 776 372 850 praecludi.
414 776 481 835 Non
503 781 620 848 tamen,
648 785 681 837 ut
705 778 798 852 paulo
825 786 894 838 ante
921 776 1069 853 dicebam,
1078 783 1112 839 ts

91 861 178 935 queri
198 875 365 934 possumus
386 859 425 918 de
442 866 568 921 auctore
583 861 680 920 nostri
696 862 770 934 deo,
795 862 821 921 si
835 861 986 921 beneficia
1002 861 1068 922 eius

90 944 282 1018 corrupimus
303 951 333 1002 et
352 951 385 1003 ut
406 951 513 1002 essent
532 944 684 1003 contraria
706 945 871 1006 effecimus.
913 943 1002 1005 Dedit
1018 945 1069 1005 ille

88 1032 199 1086 ventos
215 1027 255 1086 ad
271 1027 502 1100 custodiendam
514 1027 591 1086 coeli
603 1035 814 1102 terrarumque
825 1029 1011 1104 temperiem,
1029 1029 1069 1088 ad

89 1111 265 1171 evocandas
282 1111 711 1186 supprimendasqueaquas,
734 1112 918 1172 adolendos
934 1119 1068 1172 satorum

90 1201 183 1270 atque
202 1195 346 1254 arborum
368 1195 498 1280 lructus,
528 1210 608 1267 quos
629 1193 669 1252 ad
689 1194 890 1254 maturitatem
912 1210 981 1280 cum
1002 1197 1068 1254 aliis

90 1278 193 1339 causis
209 1278 355 1338 adducit
321 1270 417 1352 lipsa
419 1265 521 1337 iactat
523 1277 551 1337 io
509 1276 729 1337 tadlrahens
746 1278 870 1337 cibum
863 1295 892 1336 m
909 1264 1028 1337 summa
1039 1287 1070 1338 et

88 1377 129 1422 ne
149 1371 290 1437 torpeant
311 1378 505 1436 permovens.
540 1362 625 1420 dedit
643 1369 753 1421 ventos
779 1362 988 1423 adulteriora
1014 1378 1068 1421 no·
1058 1368 1111 1422 -14

89 1447 220 1506 scendo:
243 1446 352 1506 luisset
368 1446 447 1505 enim
461 1443 622 1520 inperitum
637 1445 748 1504 animal
764 1453 793 1506 ct
808 1446 874 1505 sinc
889 1460 999 1519 magna
1016 1459 1068 1502 ex-

89 1530 239 1605 perientia
258 1545 359 1589 rerum
380 1529 487 1602 homo,
512 1529 539 1589 si
560 1529 859 1589 circumscriberetur
880 1529 988 1588 natalis
1010 1529 1069 1588 soti

88 1615 160 1673 fine.
184 1613 267 1673 dedit
280 1622 404 1686 ventos,
424 1621 457 1672 ul
472 1612 633 1673 commoda
649 1613 799 1688 cuiusque
814 1613 948 1688 regionis
961 1612 1070 1670 fierent

90 1698 277 1772 communia,
297 1713 358 1757 non
380 1706 411 1756 nt
428 1696 566 1770 legiones
582 1697 778 1772 equitemque
792 1704 949 1771 gestarent
964 1710 1021 1754 nec
1035 1704 1069 1756 ut

88 1781 264 1856 perniciosa
280 1781 412 1856 gentium
428 1796 512 1839 arma
525 1780 767 1840 transveherent.
804 1780 837 1840 Si
851 1780 1001 1840 beneficia
1016 1781 1110 1839 nrt-15

88 1871 175 1924 lurae
196 1865 341 1924 utentium
363 1865 511 1938 pravitate
533 1863 766 1938 perpendimus,
789 1863 863 1922 nihil
884 1881 946 1923 non
961 1871 1067 1924 nostro

89 1947 170 2008 malo
188 1949 380 2022 accepimus:
405 1948 453 2006 oui
469 1947 574 2005 videre
589 1947 736 2020 expediti
756 1946 922 2021 colloquii
944 1945 993 2005 eui
1005 1963 1067 2005 non

88 2031 152 2091 vita
168 2039 349 2093 tormentum
366 2037 434 2090 est‘l
455 2030 528 2089 nihil
542 2029 680 2090 invenies
696 2040 756 2090 tam
770 2030 949 2090 manifestae
960 2031 1068 2090 utilita-

88 2115 143 2189 tis,
167 2115 250 2188 quod
269 2132 331 2175 non
351 2115 382 2174 in
403 2112 587 2173 contrarium
608 2121 744 2174 transeat
764 2115 871 2188 culpaz
899 2112 944 2173 sic
959 2121 1068 2173 ventos

90 2214 217 2274 quoque
232 2207 339 2259 natura
354 2199 453 2258 bonos
468 2199 585 2258 futuros
601 2199 773 2258 invenerat:
795 2199 855 2274 ipsi
870 2197 939 2258 illos
950 2204 1069 2258 contra-

84 2281 154 2342 rios
170 2281 307 2342 lecimus.
332 2298 439 2342 onmes
457 2284 487 2340 in
502 2282 628 2357 aliquod
642 2298 701 2343 nos
716 2286 828 2342 malum
844 2284 968 2342 ducunt.
1003 2281 1112 2341 Non16

88 2366 199 2424 eadem
214 2373 263 2425 est
276 2365 324 2426 his
339 2375 369 2426 et
383 2365 442 2426 illis
461 2381 556 2424 causa
570 2366 725 2436 solvendi,
750 2367 806 2425 sed
821 2366 902 2426 iusta
918 2364 1001 2425 nulli.
1025 2365 1067 2423 di-

89 2450 189 2509 versis
202 2451 281 2508 enim
297 2448 495 2510 inritamentis
511 2448 550 2507 ad
566 2448 772 2522 temptandum
788 2464 872 2509 mare
884 2448 1068 2524 inpellimur.

89 2533 196 2608 utique
217 2533 306 2593 alicui
327 2533 399 2595 vitio
425 2533 593 2610 navigatur.
634 2532 764 2606 Egregie
790 2530 875 2590 Plato
901 2531 986 2603 dicit,
1016 2531 1069 2605 qui

89 2616 180 2676 nobis
199 2615 280 2676 circa
298 2618 410 2677 exilum
432 2619 492 2677 iam
506 2616 626 2676 testium
642 2616 710 2675 loco
727 2614 848 2673 dandus
864 2621 925 2687 est,
947 2617 1069 2674 naalma

88 2717 168 2774 esse,
191 2717 268 2775 quac
287 2703 416 2762 homines
437 2707 537 2761 emant
554 2704 622 2760 vita.
656 2699 768 2771 Immo,
790 2697 885 2759 Lucili
900 2697 1067 2772 carissime,

90 2785 117 2844 si
134 2785 214 2844 bene
228 2783 346 2844 illorum
361 2786 495 2846 furorem
511 2782 735 2854 aestimaveris,
758 2781 790 2842 id
804 2789 851 2842 est
861 2787 1014 2852 nostrum,
1036 2779 1068 2840 in

90 2868 199 2927 eadem
222 2869 300 2927 enirn
323 2870 411 2928 turba
433 2869 612 2938 volutamur,
635 2864 732 2939 magis
748 2865 878 2938 ridebis,
902 2880 969 2925 cum
986 2864 1068 2939 cogi·

86 2951 203 3014 laveris
218 2950 298 3010 vitae
314 2953 427 3026 parari,
451 2953 482 3010 in
498 2967 577 3026 quae
593 2951 656 3010 vita
671 2950 867 3011 consumitur.
