2364 3840
158 189 222 253 242
448 188 481 246 L.
503 188 650 246 ANNAEI
672 187 848 249 SENECAE

159 343 311 403 adversus
327 342 463 400 minores
479 339 710 409 humanitatem,
734 340 886 400 adversus
898 339 1032 401 maiores
1046 355 1130 400 reve·

157 426 305 485 rentiam:
324 425 487 498 posthaec
503 424 572 497 ipse
589 429 618 482 te
634 422 778 493 consule,
794 438 907 481 verane
920 439 961 483 an
977 423 1056 483 lalse
1072 439 1131 483 me-

157 508 338 570 moraveris
362 510 388 566 si
405 523 477 566 vera
490 513 574 579 sunl,
596 522 697 565 coram
713 521 823 580 magno
838 513 917 566 leste
930 507 1075 568 laudatus
1090 523 1132 579 ea,

118 593 184 652 rasi
203 592 295 662 lalsa,
323 592 443 651 derisus
465 605 509 649 es.
537 589 666 650 Possum
691 598 721 648 et
741 589 809 664 ipse
829 605 911 650 nunc
925 589 1025 650 videri
1040 597 1069 650 te
1085 598 1133 651 aul

159 683 284 750 raptare
306 681 358 733 aut
378 674 525 748 experiri:
559 672 732 733 utrumlibet
752 673 844 732 crede
858 680 888 732 et
905 688 1016 733 ornnes
1030 673 1134 734 timere

159 777 176 819 a
192 775 239 819 me
255 757 365 830 incipe.
397 757 605 829 Vergilianum
619 756 693 815 illud
709 756 836 817 exaudi:

386 855 531 912 nusquam
547 847 610 899 tuto
620 841 706 912 fides.

159 933 210 983 atil
225 923 421 982 Ouidianum:

386 1023 445 1080 qua
459 1012 541 1065 terra
553 1012 648 1080 polet,
660 1006 734 1078 sera
747 1016 856 1081 repant
869 1006 998 1082 Erinys:

286 1093 317 1150 in
329 1091 455 1163 saciata
468 1093 585 1150 iurasse
590 1096 687 1164 pules.

160 1181 212 1233 aut
226 1174 299 1233 illud
313 1173 487 1233 Menandri:
510 1174 594 1247 (quis
609 1171 688 1231 enim
703 1190 765 1233 non
780 1174 810 1233 in
825 1172 884 1233 boo
897 1172 1133 1247 magnitudinem

160 1256 272 1332 ingenii
293 1258 341 1317 sui
358 1256 533 1329 concitavit,
555 1257 722 1316 detestatus
746 1270 932 1317 eonsensum
947 1255 1074 1316 humani
1086 1271 1128 1330 ge

160 1341 241 1401 neris
263 1342 415 1401 tendentis
436 1341 476 1399 ad
497 1340 607 1410 vitiat)
633 1356 732 1401 omnes
751 1342 793 1400 ait
816 1343 910 1400 malos
932 1342 1031 1401 viam
1054 1346 1085 1399 et
1107 1339 1133 1397 in

159 1441 284 1485 scenam
300 1426 383 1484 velut
396 1424 528 1483 rusticus
544 1429 635 1497 poeta
648 1424 795 1498 prosiluit.
811 1440 872 1483 non
887 1438 994 1483 senem
1007 1421 1133 1498 excepit,

159 1526 221 1568 non
237 1523 380 1581 puerum,
397 1523 459 1567 non
474 1505 629 1580 seminani,
645 1523 705 1567 non
723 1506 834 1580 virum,
849 1513 881 1566 et
893 1506 987 1567 adicit
997 1522 1060 1566 non
1077 1505 1132 1566 sin·

159 1595 249 1665 gulos
267 1606 412 1666 peccare,
435 1605 495 1648 non
512 1605 644 1664 paucae,
661 1591 717 1651 sed
732 1591 792 1649 iam
807 1591 910 1650 scelus
925 1605 999 1651 esse
1014 1597 1132 1649 contex-

118 1682 230 1740 notum.
265 1674 454 1747 Fugiendum
481 1689 553 1747 ergo
578 1680 608 1732 et
631 1674 661 1732 in
684 1690 719 1734 se
745 1674 936 1734 redeundum
956 1681 1020 1745 est,
1047 1674 1132 1733 immo

161 1756 249 1815 etiam
272 1774 291 1816 a
312 1772 346 1816 se
366 1757 582 1816 recedendum.
614 1757 682 1817 Hoc
702 1758 770 1831 tibi,
795 1757 854 1818 etsi
873 1757 949 1817 mari
965 1755 1132 1825 dividimur,

162 1848 320 1915 praestare
334 1840 502 1915 temptabo,
518 1847 551 1899 ut
566 1839 691 1901 dubium
705 1841 774 1899 viae
789 1841 899 1900 iniecta
914 1856 1009 1901 manu
1023 1840 1063 1899 ad
1077 1853 1132 1898 me-

160 1925 237 1983 liora
260 1925 436 1998 perducam.
470 1933 499 1983 et
514 1940 552 1983 ne
573 1923 768 1984 solitudinem
791 1924 924 1997 sentias,
945 1922 1018 1982 hinc
1039 1930 1133 1983 teenm

161 2008 297 2067 miscebo
315 2023 483 2068 sermones.
505 2006 625 2069 Erimus
638 2023 713 2080 una,
730 2025 791 2082 qua
806 2014 891 2083 parte
903 2004 1012 2081 optimi
1023 2019 1133 2067 sumus

161 2091 302 2149 dabimus
317 2090 447 2149 invicem
461 2091 603 2164 consilia,
620 2099 649 2151 et
663 2107 724 2150 non
742 2106 781 2150 ex
795 2092 879 2151 voltu
897 2088 1052 2150 audientis
1066 2103 1133 2165 pen-

118 2171 273 2242 21dentia.
309 2173 415 2246 Longe
436 2181 465 2231 te
485 2172 522 2231 ab
544 2174 603 2232 isla
624 2173 783 2248 provincia
805 2173 972 2244 abducam,
993 2189 1035 2235 ne
1063 2172 1134 2232 lorta

162 2269 302 2327 magnam
321 2254 456 2314 historiis
477 2271 548 2314 esse
568 2255 660 2316 fidem
685 2259 794 2318 eredas
818 2265 848 2317 et
861 2257 985 2331 plaeere
998 2255 1053 2317 tibi
1066 2253 1133 2315 inei·

162 2336 246 2411 pias,
265 2336 407 2415 quotiens
424 2336 620 2412 cogitaveris:
641 2341 719 2402 hano
734 2357 791 2416 ego
804 2340 903 2400 habeo
915 2339 975 2400 sub
990 2356 1062 2401 meo
1077 2339 1134 2399 lure

161 2421 367 2495 provinciam,
388 2438 467 2498 quae
482 2422 680 2483 maximarum
700 2425 820 2486 urbium
835 2424 990 2484 exereitus
1006 2431 1039 2485 et
1051 2420 1134 2484 susti·

161 2506 226 2566 nuit
247 2505 398 2580 etfregit,
423 2522 490 2566 oum
512 2508 589 2566 inter
608 2507 818 2582 Carthaginem
841 2515 871 2568 et
885 2508 1017 2567 Romam
1037 2508 1134 2581 ingen

162 2590 200 2648 tis
216 2591 286 2650 belli
303 2590 432 2664 pretium
448 2590 554 2662 iacuit,
577 2607 644 2651 eum
660 2599 790 2665 quatuor
804 2592 1015 2651 Romanorum
1031 2585 1135 2665 prinei·

162 2690 250 2748 pum,
273 2674 304 2733 id
325 2683 372 2734 est
392 2675 483 2733 totius
504 2673 623 2748 imperii
644 2673 726 2733 vires
747 2681 920 2735 contractas
939 2674 972 2733 in
987 2690 1082 2735 unum
1096 2671 1134 2731 lo

163 2772 231 2816 eum
258 2756 333 2816 vidit
356 2759 509 2832 altamque
528 2757 666 2832 Pompeii
689 2757 840 2817 lorlunam
864 2756 978 2832 erexit,
1001 2752 1135 2818 caesaris

121 2838 312 2913 strangam,
339 2840 449 2916 Lepidi
475 2841 639 2915 transtulit,
663 2839 797 2900 omnium
818 2840 908 2916 oepit.
941 2856 1024 2915 quae
1040 2839 1081 2901 illi
1096 2837 1134 2897 in·

163 2921 243 2995 genti
259 2925 434 2995 spectaculo
450 2923 596 2999 interluit,
612 2940 651 2984 ex
667 2938 727 2999 quo
743 2924 860 2999 liquere
874 2923 1055 2985 mortalibus
1069 2936 1135 2999 pos·

164 3011 224 3075 set,
242 3021 332 3078 quam
349 3009 438 3067 velox
453 3009 531 3067 foret
545 3009 584 3068 ad
600 3009 692 3067 imum
707 3009 813 3083 lapsus
828 3024 868 3068 ex
883 3023 1020 3081 summo,
1037 3021 1136 3083 quam-

164 3103 225 3161 que
247 3089 370 3148 diversa
391 3090 439 3149 via
460 3106 599 3165 magnam
622 3090 786 3166 potentiam
807 3092 929 3152 fortuna
950 3092 1135 3153 destrueret:

164 3188 226 3231 uno
248 3173 328 3231 enim
349 3179 486 3248 tempore
507 3176 581 3234 vidit
594 3175 772 3250 Pompeium
785 3175 1001 3251 Lepidumque
1020 3190 1060 3236 ex
1078 3186 1133 3231 ma·

165 3255 248 3313 ximo
270 3256 391 3328 fastigio
413 3257 499 3315 aliter
516 3258 665 3334 aliterque
687 3260 727 3320 ad
741 3267 877 3320 extrema
897 3258 1055 3331 deiectos,
1073 3269 1136 3317 eum

164 3338 329 3413 Pompeius
345 3340 475 3399 alienum
490 3341 658 3402 exereitum
673 3345 805 3418 sugeret,
824 3342 962 3418 Lepidus
977 3356 1078 3403 suum.

133 3430 149 3482 1
227 3423 250 3481 1.
273 3422 393 3498 ltaque,
407 3431 440 3484 ut
455 3431 548 3485 totum
564 3433 594 3486 te
611 3425 682 3486 inde
702 3426 868 3503 abducam,
890 3424 1033 3503 quamvis
1048 3422 1135 3485 multa
