2364 3840
119 153 182 215 200
259 146 263 155 '
409 151 442 209 L.
463 151 609 210 ANNAEI
632 151 808 211 SENECAE

118 320 223 365 verum
245 302 410 377 praedixit,
431 302 487 361 sed
508 302 642 362 fulminis
663 303 741 362 ictus
763 302 866 377 priora
887 303 1044 366 delevitet
1057 306 1093 364 ad

118 406 152 449 se
173 389 265 447 fidem
289 389 398 447 traxit“
422 388 531 445 laisum
552 394 608 445 est.
639 392 759 461 quare?
786 386 858 461 quia
871 387 946 446 nihil
961 389 1091 461 interest

117 489 207 547 quam
230 473 325 531 multu
345 469 485 545 auspicia
506 470 580 529 sinu
607 471 700 529 latum
721 487 815 531 unum
835 476 897 545 est,
920 474 1007 546 quod
1030 474 1092 533 sive

116 557 214 630 primo
236 553 374 629 auspicio
391 555 575 615 intellectum
591 561 639 613 est
659 554 725 612 sive
741 554 894 628 seeundo,
918 555 992 615 nihil
1006 557 1091 616 iuter·

86 641 179 702 terit.
214 639 257 698 lta
273 639 358 698 dieo:
382 655 442 699 nou
457 640 564 710 refert,
584 654 623 697 au
639 637 722 697 aliud
737 637 790 709 sit,
807 655 862 713 per
873 640 959 713 quod
973 641 1091 714 quidem

116 724 306 797 quaerimus,
326 723 470 797 quoniam
485 722 525 780 de
539 737 597 781 ave
613 722 697 797 quod
714 722 888 796 quaerimus
903 722 987 782 idem
1002 726 1090 785 latum

116 807 357 868 lulmiuemutari
370 812 552 880 uonpotest.
573 805 701 880 quidni?
722 822 791 865 nam
803 806 916 866 tulmen
927 806 1031 883 ipsum
1043 809 1091 868 lali

117 898 260 966 parsest.

88 986 102 1037 1
176 974 296 1033 XXXV.
325 973 447 1046 „Quid
473 979 591 1048 ergo?
622 972 876 1047 expiationes
905 990 1089 1049 procura·

114 1059 325 1132 tionesque
348 1075 421 1131 quo
442 1058 657 1132 pertinent,
682 1057 717 1116 si
738 1055 986 1117 inmutabilia
1007 1067 1091 1121 suut

115 1144 195 1201 lata
206 1146 245 1199 t“
281 1141 420 1201 Permitte
435 1140 506 1200 mibi
522 1141 602 1200 illam
619 1139 747 1215 rigidam
762 1149 877 1201 sectam
887 1143 966 1202 tueri
978 1158 1090 1215 eorum,

116 1227 168 1302 qui
189 1227 345 1300 excipiunt
362 1226 420 1285 ista
434 1234 464 1284 et
477 1224 549 1283 nihil
566 1240 637 1284 esse
652 1224 734 1282 aliud
750 1240 842 1298 quam
856 1239 969 1299 aegrae
984 1226 1091 1288 mentis

86 1309 224 1375 asolatia
244 1311 426 1369 existimant.
463 1309 537 1368 Fata
557 1307 803 1368 inrevocabiliter
824 1306 872 1367 ius
894 1325 986 1369 suum
1007 1327 1090 1387 pera·

115 1404 189 1469 gunt
210 1409 266 1453 nee
285 1394 346 1453 ulla
367 1400 595 1452 eounnoveutur
610 1407 712 1466 prece.
734 1408 796 1451 nou
812 1391 1026 1454 misericordia
1041 1394 1090 1454 ile-

116 1482 170 1550 etr',
199 1495 258 1538 non
281 1477 377 1551 gratia
401 1477 508 1536 sciunt.
543 1492 666 1535 cursum
689 1475 926 1535 inrevocabilem
955 1479 1091 1552 ingressa

116 1578 155 1621 ex
173 1562 323 1621 destinato
338 1559 444 1619 fluunt.
471 1559 728 1633 quemadmodum
745 1560 923 1634 rapidorum
939 1577 1021 1638 aqua
1035 1570 1091 1622 tor·

114 1646 242 1703 rentium
267 1645 295 1702 in
324 1659 359 1702 se
385 1659 445 1713 non
470 1643 598 1702 recurrit
622 1658 679 1701 nec
700 1650 836 1702 moratur
856 1643 1000 1718 quidem,
1024 1646 1092 1721 quia

116 1729 248 1800 priorem
265 1727 486 1801 superveniens
503 1725 696 1801 praecipitat:
719 1727 764 1786 sie
777 1726 916 1787 ordinem
927 1728 981 1789 lati
993 1745 1091 1790 rerum

115 1818 240 1870 aeterua
261 1811 357 1870 series
372 1818 466 1884 rotat,
488 1812 574 1871 euius
590 1810 667 1869 haee
682 1811 778 1885 prima
792 1812 843 1869 lex
857 1817 920 1871 est:
943 1821 1027 1873 stare
1042 1814 1092 1872 de-

116 1904 209 1956 creto.

177 1979 311 2038 XXXVI.
335 1978 411 2052 Quid
428 1979 507 2037 euim
525 1978 672 2052 intellegis
689 1978 806 2036 iatum?
828 1977 971 2039 existimo
988 1995 1090 2040 neces·

115 2065 232 2124 sitalem
247 2078 348 2122 rerum
361 2063 494 2122 onmium
506 2056 735 2136 actionumque,
753 2076 844 2135 quam
859 2063 944 2122 nulla
954 2064 1003 2123 vis
1014 2080 1091 2122 rum-

115 2153 175 2219 pat.
204 2146 283 2203 hauc
304 2144 330 2203 si
352 2144 511 2204 sacrificiis
533 2153 584 2204 aut
604 2145 703 2218 eapite
726 2143 833 2203 niveae
853 2161 953 2218 agnae
972 2147 1091 2207 exorari

115 2229 247 2300 iudicas,
271 2228 373 2286 divina
390 2244 449 2287 non
465 2227 555 2285 nosti.
591 2226 744 2302 Sapientis
761 2244 885 2303 quoque
901 2229 958 2288 viri
973 2238 1090 2290 seuleu-

115 2311 185 2369 tiam
207 2309 325 2384 negatis
348 2325 443 2384 posse
464 2309 587 2369 mutarit
617 2320 730 2386 quanto
747 2311 844 2385 magis
859 2311 931 2371 deit
958 2329 1028 2374 eum
1044 2329 1089 2372 sa·

116 2394 204 2468 piens
226 2395 299 2469 quid
321 2394 360 2454 sit
381 2395 527 2469 optimum
542 2395 572 2452 iu
587 2397 760 2469 praesentia
776 2396 866 2466 sciat,
888 2395 970 2456 illius
987 2395 1090 2457 divini·

115 2479 166 2539 tati
183 2495 272 2540 omne
289 2494 437 2553 praesens
453 2479 500 2539 sit.

87 2577 102 2628 1
176 2564 324 2624 XXXVlI.
353 2566 455 2638 Agere
477 2579 558 2623 nune
580 2579 703 2622 causam
719 2579 825 2624 eorum
841 2564 928 2637 volo,
954 2565 1007 2639 qui
1024 2579 1089 2639 pro·

115 2649 251 2709 curanda
272 2649 446 2708 existimant
467 2645 592 2706 lulmiua
613 2654 643 2706 et
662 2645 853 2722 expiationes
875 2662 938 2707 nou
956 2647 1090 2708 dubitant

114 2733 267 2806 prodesse
287 2733 452 2806 aliquando
468 2732 508 2790 ad
527 2731 739 2792 submovenda
752 2732 904 2805 pericula,
926 2730 1088 2807 aliquando

86 2815 154 2880 aad
170 2816 315 2887 levanda,
338 2816 502 2891 aliquando
520 2815 559 2873 ad
570 2814 750 2875 differenda.
787 2814 865 2889 Quid
877 2815 930 2887 sit,
947 2816 1088 2891 quodse·

117 2905 255 2970 quantur,
280 2899 371 2971 paulo
387 2906 458 2973 post
472 2913 656 2973 persequare
679 2899 795 2958 iuterim
810 2897 870 2957 hoc
884 2898 1000 2959 habeut
1011 2915 1087 2959 eoru·

114 2995 205 3039 mune
218 2980 392 3054 nobiseum,
413 2984 496 3055 quod
508 2997 566 3041 nos
580 2997 704 3056 quoque
716 2981 925 3042 existimamus
936 2992 1011 3043 vota
1022 2997 1087 3056 pro-

115 3064 208 3122 ficere
220 3064 305 3122 salva
319 3064 347 3121 vi
358 3080 395 3122 ae
407 3072 556 3139 potestate
567 3053 706 3125 latorum.
737 3064 1001 3137 Quemadmodum
1012 3064 1087 3125 euim

114 3163 133 3206 a
151 3147 198 3205 dis
213 3145 420 3206 inmortalibus
436 3149 477 3206 ita
491 3163 644 3221 suspensa
657 3147 762 3206 relicta
777 3155 863 3221 sunt,
883 3149 962 3208 utin
976 3150 1087 3209 bonum

114 3236 245 3302 vertant,
269 3230 295 3287 si
311 3230 451 3289 admotae
466 3231 513 3289 dis
528 3246 638 3305 preces
652 3229 777 3305 luerint,
801 3230 827 3289 si
843 3237 915 3291 vota
929 3239 1087 3308 susceptat

115 3313 156 3373 ita
177 3327 237 3373 non
260 3320 307 3372 est
326 3312 385 3370 hoe
407 3320 513 3372 eontra
535 3315 644 3388 latum,
667 3314 694 3373 si
714 3313 815 3388 ipsum
836 3331 964 3390 quoque
980 3317 1012 3375 iu
1029 3318 1086 3375 lato

83 3403 169 3460 aest.
205 3398 288 3469 „Aut
308 3397 455 3467 futurum,
478 3397 587 3471 iuquit,
610 3405 657 3457 est
677 3405 819 3457 autnon:
841 3397 867 3456 si
883 3398 1019 3461 futurum
1034 3405 1086 3469 est,
