2364 3840
154 188 195 251 32
445 186 476 244 L.
497 184 641 244 nattam
663 183 837 243 SENECAE

125 339 299 402 astetimus.
339 335 455 409 Quanto
472 334 567 393 satius
582 342 630 392 est
644 333 682 391 ad
702 333 991 406 contemplationem
1008 341 1059 395 tot
1073 342 1138 394 tan·

154 432 315 495 torumque
330 419 547 478 beneficiorum
563 418 671 477 reverti
685 425 714 476 et
725 432 817 490 agere
827 416 957 490 gratias,
974 418 1067 490 quod
1080 435 1138 480 nos

156 507 183 564 in
207 506 265 562 hoc
282 502 483 577 pulcherrimo
501 500 653 558 domicilio
669 501 829 559 voluemnt
844 499 1001 558 secundas
1020 502 1136 574 sortiri,

156 588 240 663 quod
254 584 381 647 terrenis
398 585 631 659 praeieceruntt
651 583 761 656 aliquis
776 598 814 641 ea
829 582 971 641 animalia
983 594 1137 660 conparat

155 672 259 743 nobis,
279 684 408 742 quorum
431 674 566 741 potestas
583 681 677 740 penes
693 681 750 725 nos
766 672 834 725 esti
870 666 1028 740 Quicquid
1045 669 1137 729 nobis

127 763 297 828 anegatum
310 758 358 810 est
368 751 433 809 dari
445 766 504 810 non
519 751 625 824 potuit.
657 749 788 808 Proinde
802 750 944 823 quisquis
956 765 993 808 es
1006 750 1136 827 iniquus

155 838 332 899 aestimator
352 834 444 894 sortis
459 834 623 905 humanae,
645 833 758 906 cogita,
782 841 895 906 quanta
908 832 1002 892 nobis
1020 834 1135 896 tribue

155 922 193 979 rit
214 934 325 992 parens
341 924 458 991 noster,
481 925 592 991 quanto
614 916 781 976 valentiora
795 916 936 974 animalia
951 916 1014 976 sub
1029 919 1135 993 iugum

155 1002 342 1074 miserimus,
366 1010 478 1075 quanto
497 1000 651 1060 velociora
672 1015 913 1074 consequamur,
941 1015 1039 1074 quam
1063 1002 1135 1063 nihil

128 1087 195 1156 asit
208 1087 333 1145 mortale
349 1100 409 1142 nou
426 1084 482 1144 sub
498 1085 559 1144 ictu
573 1091 679 1143 nostro
692 1085 834 1158 positum.
869 1084 926 1142 'lot
937 1083 1074 1146 virtutes
1086 1102 1133 1146 ac·

156 1170 308 1243 cepimus,
331 1175 375 1228 tot
395 1176 492 1241 artes,
516 1168 647 1227 animum
671 1167 817 1240 denique,
840 1164 888 1224 eui
910 1165 983 1226 nihil
1000 1185 1068 1229 non
1085 1186 1132 1231 eo

156 1253 238 1325 dem,
272 1267 332 1326 quo
357 1252 500 1324 intendit,
533 1259 684 1310 momento
710 1251 848 1325 pervium
874 1258 941 1322 est,
974 1252 1133 1313 sideribus

154 1333 353 1409 velociorem,
384 1351 513 1408 quorum
535 1341 607 1408 post
627 1334 720 1392 multa
740 1334 845 1393 secula
871 1334 992 1393 futuros
1020 1351 1132 1397 cursus

155 1420 313 1478 antecedit.
336 1426 450 1478 tautum
466 1417 578 1476 deinde
594 1417 728 1490 irugum,
751 1423 865 1476 tantum
879 1433 990 1490 opum,
1015 1426 1132 1480 tantum

153 1518 253 1561 rerum
275 1502 401 1560 aliarum
423 1516 517 1575 super
538 1500 612 1558 alias
628 1508 845 1560 acervatarum.
874 1501 1048 1562 circumeas
1063 1503 1133 1564 licet

154 1592 263 1644 cuncta
279 1591 322 1657 et,
346 1585 418 1656 quia
432 1584 504 1643 nibil
519 1591 614 1642 totum
629 1583 767 1642 invenies
780 1585 862 1658 quod
878 1599 950 1642 esse
963 1591 996 1642 te
1012 1587 1131 1660 malles,

154 1684 193 1727 ex
209 1667 349 1726 ominibus
368 1668 488 1741 singula
502 1682 661 1741 excerpas,
679 1683 758 1742 quae
772 1668 825 1727 tibi
840 1667 905 1725 dari
918 1668 1033 1727 velles:
1052 1669 1131 1729 bene

154 1752 311 1810 aestimata
331 1759 457 1810 naturae
478 1751 664 1824 indulgentia
684 1750 858 1810 confitearis
879 1765 1012 1811 necesse
1034 1755 1130 1812 estin

126 1833 271 1897 §deliciis
291 1841 320 1893 te
341 1833 382 1893 illi
404 1835 509 1894 fuisse.
546 1836 589 1894 lta
605 1841 665 1893 est:
689 1833 865 1893 carissimos
881 1849 939 1893 nos
953 1833 1131 1896 habuerunt

154 1917 185 1976 di
205 1916 379 1977 inmortales
402 1918 590 1992 habentque,
618 1925 647 1977 et
667 1917 720 1992 qui
740 1918 891 1977 maximus
913 1915 1005 1977 tribui
1026 1918 1131 1981 honos

152 2002 263 2074 potuit,
292 2001 330 2059 ab
352 2001 428 2076 ipsis
450 2002 607 2075 proximos
631 2003 885 2061 conlocaverunt:
908 2016 1021 2074 magna
1040 2019 1131 2064 acce-

153 2082 267 2156 pimus,
285 2085 402 2143 maiora
416 2101 476 2144 non
494 2085 664 2158 cepimus..

124 2178 138 2228 1
214 2165 304 2223 XXX.
326 2167 424 2239 Haec,
443 2166 482 2225 mi
494 2166 656 2239 Liberalis,
675 2168 851 2226 necessaria
863 2166 1131 2249 credidi‚'etquia

151 2249 338 2322 loquendum
366 2249 479 2323 aliquid
503 2250 541 2309 de
563 2250 681 2324 magnis
706 2249 862 2309 beneficiis
886 2258 965 2324 erat,
995 2267 1071 2312 cum
1093 2255 1130 2314 de

151 2331 273 2390 minutIs
295 2331 503 2406 loqueremur,
527 2342 557 2393 et
578 2335 648 2408 quia
669 2334 740 2392 inde
756 2342 858 2393 manat
872 2333 961 2392 etiam
975 2334 1007 2393 in
1025 2344 1131 2397 cetera

151 2413 241 2473 huius
264 2415 450 2475 detestabilis
478 2416 539 2475 vitii
566 2418 704 2477 audacia.
742 2418 793 2476 Cui
821 2416 899 2476 enim
923 2421 1131 2492 respondebit

151 2505 250 2571 grate,
273 2500 356 2573 quod
376 2516 487 2560 munus
504 2501 686 2560 existimabit
700 2509 752 2560 aut
766 2515 909 2574 magnum
925 2509 978 2560 aut
992 2503 1129 2564 redden-

151 2581 230 2652 dum,
249 2585 300 2658 qui
316 2600 435 2643 summa
450 2583 599 2642 beneficia
615 2585 751 2657 spernit?
773 2585 820 2643 cui
834 2585 977 2658 salutem,
997 2587 1051 2646 cui
1067 2588 1128 2663 spi-

149 2665 237 2724 ritum
261 2667 391 2739 debebit,
409 2666 461 2742 qui
476 2666 565 2727 vitam
583 2669 742 2741 accepisse
757 2684 792 2728 se
809 2683 827 2726 a
842 2665 890 2726 dis
906 2675 1013 2742 negat,
1033 2687 1128 2746 quam

122 2749 261 2808 acatidie
278 2750 389 2809 abillis
406 2752 500 2824 petit?
536 2750 724 2826 Quicumque
736 2766 809 2826 ergo
822 2757 926 2824 gratos
938 2767 1012 2810 esse
1025 2754 1128 2828 docet,

151 2838 180 2889 et
201 2831 355 2890 bominum
377 2849 500 2892 eausam
523 2835 584 2908 agit
604 2841 634 2892 et
653 2836 794 2905 deorum,
820 2833 931 2908 quibus
951 2836 1070 2898 nullius
1085 2839 1129 2898 rei

150 2913 371 2988 indigentibus,
401 2917 509 2990 positis
536 2926 620 2976 extra
644 2908 843 2989 desiderium,
873 2918 989 2977 reierre
1015 2922 1128 2984 nibilo-

149 2998 249 3056 minus
264 2997 389 3072 gratiam
406 3015 579 3073 possumus.
616 3002 694 3063 Non
715 3001 896 3076 estquod
917 3000 1127 3079 quisquam

150 3081 444 3141 excusationem
467 3084 604 3144 mentis
627 3085 803 3160 ingratae
823 3083 868 3143 ab
891 3085 1130 3150 infirmitate

149 3170 263 3237 atque
285 3166 347 3225 luo
356 3166 419 3240 pia
441 3174 547 3240 petat
568 3177 597 3229 et
618 3170 712 3228 dieat:
741 3169 835 3242 „qiud
858 3169 937 3226 enim
961 3169 1077 3232 faciam
1100 3180 1129 3233 et

149 3249 326 3320 quoumdot
345 3251 468 3324 quando
482 3253 692 3326 superioribus
705 3251 899 3324 dorninisque
910 3267 1014 3312 rerum
1028 3258 1127 3316 omni

147 3347 196 3388 um
218 3335 342 3404 gratiam
364 3336 534 3394 reseramt“
569 3337 694 3396 Referre
716 3336 803 3394 iacile
820 3341 880 3394 est:
904 3337 930 3394 si
946 3352 1065 3401 asterus
1081 3357 1125 3414 es,

147 3413 211 3473 sine
227 3415 381 3492 inpendio.
404 3420 429 3477 si
445 3420 540 3492 iners,
563 3419 629 3478 siue
646 3436 749 3494 opera.
784 3419 899 3478 Eodem
913 3419 1041 3494 quidem
1058 3441 1125 3486 moe
