2364 3840
278 193 329 253 DE
350 192 563 254 BENEFICIIS
584 194 721 254 blavi.
747 202 879 255 22—25.
1007 192 1068 257 121

86 349 152 406 tam
167 345 261 404 multe
275 344 471 418 generabant.
508 343 656 417 Cogitavit
673 359 730 402 nos
746 350 816 402 ante
831 349 952 415 natura,
977 360 1067 418 quam

88 429 177 501 lecit,
200 443 258 487 nec
279 435 338 487 tam
355 427 423 486 leve
438 443 517 501 opus
533 443 655 500 sumus,
680 433 711 486 ut
725 425 766 484 illi
782 426 971 500 potuerimus
987 427 1068 486 exci-

88 511 176 572 dere.
212 511 293 570 Vide
314 518 461 585 quantum
480 510 571 570 nobis
600 509 785 585 permiserit,
807 526 898 584 quam
915 526 977 569 non
994 509 1098 574 lotrad

87 592 232 655 homines
253 593 375 653 humani
396 594 513 669 imperii
534 593 673 653 condicio
696 594 744 653 sit·
780 594 853 652 vide
873 593 902 651 in
924 599 1070 667 quantum

88 676 275 753 corporibus
290 678 395 751 vagari
408 679 511 749 liceat,
529 693 609 753 quae
620 693 681 736 non
694 675 828 737 coercuit
839 677 900 736 fine
911 684 1069 747 terrarum,

88 762 149 821 sed
165 775 285 821 omnem
306 761 336 820 in
352 768 467 835 partem
483 761 532 820 sui
546 761 635 821 misit.
664 761 735 820 vide
750 761 841 820 animi
857 767 1001 835 quantum
1018 775 1070 818 au-

88 845 198 917 deant,
229 845 485 919 quemadmodum
506 847 564 904 soli
586 851 639 905 aut
658 845 798 904 noverint
818 846 896 905 deos
911 852 962 904 aut
977 859 1070 917 quae·

87 936 159 988 rant
173 934 204 987 et
219 934 320 987 mente
334 929 364 986 in
380 928 472 987 altum
488 929 558 987 data
572 929 675 988 divina
694 929 888 999 comitentur:
912 927 993 987 scies
1009 942 1070 985 non

89 1027 164 1073 esse
185 1011 337 1072 hominem
360 1011 588 1072 tumultuarium
607 1013 848 1085 etincogitatum
866 1027 955 1086 opus.
992 1012 1098 1071 Inter?

88 1096 224 1155 maxima
235 1111 338 1155 rerum
353 1111 475 1155 suarum
491 1102 600 1154 natura
614 1095 687 1153 nibil
702 1094 802 1166 habel,
819 1112 880 1169 quo
893 1096 990 1170 magis
1005 1095 1069 1169 glo·

87 1179 186 1239 rietur
199 1186 250 1239 aut
266 1186 348 1238 certe
363 1179 412 1237 cui
427 1180 584 1253 glorietur:
613 1186 744 1254 quantus
760 1179 817 1236 iste
836 1179 920 1236 luror
935 1187 983 1238 est
998 1195 1070 1237 con·

91 1262 275 1322 troversiam
295 1262 344 1321 dis
366 1264 501 1322 muneris
522 1263 570 1321 sui
592 1264 714 1321 laceret
742 1261 899 1335 quomodo
920 1263 1070 1320 adversus

89 1361 147 1406 eos
168 1345 218 1405 hic
239 1347 296 1405 crit
316 1353 437 1420 gratuS,
461 1346 572 1421 quibus
593 1347 689 1419 gratia
710 1345 817 1404 referri
838 1344 904 1404 sine
924 1343 1070 1419 inpendio

89 1444 153 1490 uon
170 1436 286 1503 potest,
310 1430 362 1504 qui
377 1437 468 1504 negat
484 1446 518 1488 se
535 1431 572 1489 ab
588 1430 624 1488 iis
640 1428 816 1502 accepisse,
839 1428 985 1504 aquibus
1002 1443 1070 1486 cum

89 1511 224 1572 maxime
244 1512 369 1587 accipit,
394 1513 446 1588 qui
467 1521 497 1573 et
518 1529 641 1587 semper
662 1512 760 1573 daturi
777 1520 848 1572 sunt
863 1520 892 1572 et
906 1525 1070 1586 numquam

89 1596 264 1670 recepturi?
297 1604 410 1670 quanta
432 1602 531 1656 autem
554 1597 737 1669 perversitas
760 1595 799 1656 ob
820 1596 880 1656 hoc
902 1596 991 1655 alicui
1010 1603 1099 1657 none

90 1679 221 1752 debere,
245 1680 317 1754 quia
332 1681 420 1738 etiam
436 1680 572 1739 infitianti
589 1681 738 1753 benignus
751 1687 811 1753 est,
828 1688 857 1740 et
870 1679 1069 1740 continuatio-

90 1777 162 1822 nem
182 1761 283 1837 ipsom
304 1764 477 1837 seriemque
499 1763 715 1822 beneficiorum
732 1771 943 1836 argumentum
958 1777 1071 1822 vocare

91 1846 270 1905 necessario
283 1846 404 1905 dantis?
431 1846 538 1919 „Nolo
558 1846 745 1905 sibihabeat.
767 1847 836 1920 quis
848 1847 930 1905 illum
941 1849 1070 1919 rogatu‘

91 1935 122 1988 et
143 1944 250 1988 omnes
272 1929 347 1988 alias
370 1920 546 2004 inpudentis
566 1929 657 1989 animi
674 1944 767 1988 voces
783 1929 830 1988 his
846 1930 986 1987 adstrue:
1009 1944 1070 1987 non

90 2012 162 2072 ideo
179 2013 218 2070 dc
233 2018 262 2071 te
278 2011 378 2072 minus
393 2020 526 2072 meretur
539 2012 582 2086 is,
599 2014 685 2072 cuius
702 2012 866 2071 liberalitas
881 2012 922 2070 ad
936 2019 966 2070 te
981 2010 1071 2069 etiam

91 2095 165 2154 dum
180 2111 275 2169 negas
291 2098 431 2170 pervenit
446 2098 596 2171 cuiusque
611 2096 830 2155 beneficiorum
844 2097 893 2154 vel
904 2095 964 2153 hoc
977 2094 1070 2152 maxi·

90 2195 174 2239 mum
190 2188 251 2251 est,
274 2180 358 2253 quod
374 2182 463 2240 etiam
480 2181 618 2254 querenti
633 2181 761 2240 daturus
777 2187 832 2239 est.

152 2262 260 2322 XXIV.
280 2263 347 2323 Non
365 2263 467 2335 vides,
486 2264 744 2338 quemadmodum
759 2271 893 2323 teneram
908 2261 1071 2322 liberorum
1088 2272 1102 2325 t

90 2346 247 2406 infantiam
260 2355 403 2420 parentes
412 2348 450 2406 ad
463 2348 629 2408 salubrium
643 2364 744 2406 rerum
757 2346 1072 2420 patientiamcogaot‘t

89 2429 239 2490 Flentium
261 2445 392 2504 corpora
412 2446 449 2489 ac
470 2432 702 2506 repugnantium
726 2431 860 2504 diligenti
877 2446 950 2488 cura
967 2431 1072 2487 fovent

91 2523 122 2573 et
143 2528 182 2572 ue
205 2514 340 2573 membra
359 2514 483 2573 libertas
509 2513 659 2574 inmatura
679 2515 874 2587 detorqueat,
904 2513 933 2569 in
954 2518 1071 2569 rectum

91 2597 212 2656 exitura
232 2598 457 2671 constringunt,
484 2605 515 2658 et
534 2614 606 2658 mox
631 2597 768 2657 liberalia
793 2596 894 2654 studia
919 2593 1073 2652 inculcant

91 2678 227 2740 adhibito
249 2681 356 2740 timore
377 2681 560 2741 nolentibus.
590 2682 630 2740 ad
652 2680 787 2740 ultimum
802 2679 950 2739 audacem
965 2677 1072 2736 iuven·

91 2770 152 2824 tam
173 2765 351 2838 frugalitati,
372 2765 496 2838 pudori,
519 2765 654 2824 moribus
675 2764 779 2836 boniS,
804 2764 830 2822 si
846 2778 953 2836 parum
968 2761 1071 2835 sequi·

90 2857 156 2921 tur,
180 2855 317 2907 coactam
339 2849 502 2922 adplicant.
538 2849 796 2907 Adulescentibus
819 2860 945 2920 quoque
960 2860 996 2903 ac
1014 2845 1100 2912 iama

89 2931 269 3006 potentibus
291 2933 354 3004 sui,
382 2933 408 2991 si
429 2932 564 2991 remedia
588 2939 669 2990 metu
691 2938 742 2991 aut
762 2929 994 3005 intemperantia
1013 2929 1072 2987 rei·

91 3016 190 3087 ciunt,
220 3014 268 3074 vis
294 3015 453 3074 adhibetur
479 3030 515 3073 ac
543 3015 683 3074 servitus.
726 3014 832 3088 ltaque
852 3013 1072 3073 beneficiorum

91 3099 333 3167 mammosam,
364 3115 442 3172 quae
468 3115 486 3157 a
512 3098 687 3172 parentibus
714 3096 898 3171 accipimus,
928 3098 1001 3155 dum
1022 3103 1073 3154 aut

91 3183 249 3242 nescimus
265 3189 317 3241 ant
330 3184 483 3242 nolumus

154 3265 248 3325 XXV.
278 3265 333 3325 His
361 3267 488 3339 ingratis
510 3272 540 3324 et
560 3263 793 3338 repudiantibus
817 3263 981 3335 beneficia,
1012 3267 1101 3321 nonl

92 3350 166 3423 quia
180 3349 302 3421 nolunt,
320 3350 376 3408 sed
395 3363 434 3406 ne
445 3349 592 3421 debcant,
608 3347 723 3407 similes
739 3354 810 3408 sunt
825 3362 864 3404 ex
875 3346 998 3406 diverso
1014 3343 1072 3403 ni-

91 3431 294 3509 misgrati,
318 3432 381 3507 qui
398 3431 552 3506 aliquid
573 3431 806 3492 incommodi
829 3429 987 3504 precari
1008 3441 1070 3485 so-
