2364 3840
162 200 195 256 L.
209 195 299 257 ANN-
313 194 444 256 SENEC.
460 195 512 257 DE
526 194 739 256 baudricus
755 195 826 256 LIB.
838 197 876 256 V.
900 207 995 262 1-3.
1039 195 1082 264 87

102 352 159 414 diu
186 353 266 412 terre
291 353 457 425 ingratum,
486 350 585 408 donec
606 348 716 409 seceris
736 353 862 422 gratum.
894 364 951 410 neo
970 357 1000 412 tc
1022 351 1082 415 ism

103 435 181 496 ratio
206 433 352 509 decipietr
379 432 585 494 subcumbunt
605 433 675 492 vitia
694 431 872 506 virtutibus,
900 435 926 494 si
947 433 998 493 illa
1018 453 1079 497 uon

101 521 165 579 cito
181 519 287 580 odisse
303 516 528 592 properaveris.

165 604 201 661 ΙΙ.
223 602 299 662 Illud
314 602 419 674 utique
441 600 531 659 unice
551 599 603 659 tibi
624 601 726 673 placet
748 600 830 659 velut
851 600 1011 673 magnifice
1034 602 1078 662 di·

100 693 201 746 ctum:
232 693 374 759 „turpe
397 691 458 742 est
477 682 689 743 beneficiis
711 683 854 743 vinci.“
886 683 973 756 Quod
988 700 1026 743 an
1041 687 1080 746 sit

101 785 224 842 verum,
261 784 322 827 non
354 767 492 827 inmerito
517 765 622 840 quaeri
648 768 726 826 solet
749 768 902 841 longeque
924 767 1008 827 atiud
1033 777 1079 830 est

98 869 193 927 quam
208 861 310 912 mente
325 851 474 923 concipis.
500 865 665 923 numquam
680 851 760 909 enim
774 851 805 909 in
817 865 919 911 rerum
933 851 1078 912 honesta-

98 953 165 996 rum
188 934 353 996 certamine
374 934 515 1008 superari
535 939 625 1009 turpe
646 941 707 1006 est,
733 933 897 995 dummodo
918 951 1002 995 arma
1016 954 1077 997 non

99 1020 251 1095 proicias,
274 1027 303 1080 et
324 1020 425 1077 victus
442 1033 565 1092 quoque
582 1018 656 1076 velis
672 1018 805 1076 vincere.
833 1019 899 1079 Non
916 1035 1022 1081 omnes
1038 1021 1106 1081 adt

97 1104 214 1164 bonum
230 1102 421 1177 propositum
434 1103 559 1161 easdem
574 1102 715 1160 adierunt
728 1099 826 1175 vires,
842 1102 967 1162 easdem
983 1105 1077 1165 iacui-

96 1194 192 1258 tates,
215 1187 354 1246 eamdem
376 1187 543 1258 fortunam,
569 1201 649 1259 quae
664 1185 848 1258 optimorum
863 1203 987 1261 quoque
1003 1204 1076 1248 con·

94 1270 235 1332 siliarum
248 1271 404 1330 dumtaxat
418 1270 518 1329 exitus
531 1274 695 1343 temperat:
722 1268 864 1328 voluntas
879 1269 948 1343 ipsa
960 1280 1076 1331 rectum

96 1362 208 1429 petens
231 1355 384 1414 laudanda
404 1361 465 1426 est,
488 1352 607 1411 etiamsi
628 1353 708 1410 illam
725 1352 803 1412 alius
817 1353 915 1426 gradu
929 1354 1077 1415 velociori

92 1436 279 1510 antecessit,
302 1454 363 1496 non
380 1444 412 1496 ut
430 1437 459 1494 in
476 1436 690 1495 certaminibus
706 1437 745 1495 ad
763 1438 973 1511 spectaculum
987 1439 1076 1498 editis

93 1520 252 1582 meliorem
264 1523 364 1595 palma
377 1521 519 1594 declarat,
531 1536 716 1594 quamquam
726 1521 755 1579 in
771 1521 829 1580 iltis
844 1537 968 1595 quoquc
981 1537 1076 1597 saepe

91 1605 280 1666 deteriorem
304 1605 447 1680 praetulit
466 1619 567 1664 casus.
596 1604 654 1663 Ubi
679 1606 717 1664 de
733 1604 836 1665 officio
852 1605 965 1679 agitur,
992 1607 1102 1680 quoda

92 1697 259 1763 uterqnea
282 1705 338 1748 sua
354 1695 440 1762 parte
455 1703 526 1747 esse
541 1703 633 1761 quam
649 1687 861 1761 plenissimum
876 1689 972 1764 cupit,
990 1688 1016 1750 si
1031 1690 1073 1748 al·

92 1779 143 1832 ter
165 1774 235 1846 pius
260 1773 358 1846 potuit
381 1778 410 1831 et
434 1772 474 1830 ad
494 1787 615 1830 manum
632 1770 735 1831 habuit
748 1773 903 1832 materiam
920 1773 1073 1833 sufficien-

93 1864 156 1916 tem
171 1857 271 1916 animo
284 1872 355 1929 suo,
372 1855 398 1913 si
412 1853 472 1926 iili,
489 1861 633 1928 quantum
650 1862 778 1913 conatus
793 1862 855 1928 est,
872 1857 990 1914 fortuna
1005 1874 1073 1931 per-

94 1939 191 2015 misit,
208 1942 283 1999 alter
294 1949 394 2000 autem
406 1940 562 1998 voluntate
574 1954 631 2011 par
645 1944 706 2008 est,
723 1938 840 1997 etiamsi
853 1939 970 1996 minora
984 1956 1074 2012 quam

92 2022 216 2097 accepit
225 2023 358 2083 reddidit
372 2031 424 2081 aut
439 2023 541 2081 omnia
556 2037 616 2080 nou
632 2021 777 2092 reddidit,
795 2022 852 2081 sed
867 2023 930 2080 vuit
943 2021 1073 2081 reddere

90 2114 123 2166 et
143 2114 207 2167 toto
229 2107 258 2166 in
279 2107 339 2168 hoc
360 2107 491 2166 intentus
513 2112 560 2165 est
583 2104 700 2164 animo:
723 2122 783 2165 non
798 2105 896 2179 magis
910 2106 1009 2164 vietus
1026 2113 1073 2164 est

92 2205 184 2265 quam
202 2191 297 2266 quiin
314 2189 407 2251 armis
418 2190 559 2262 moritur,
577 2204 668 2263 quem
684 2189 825 2248 occidere
841 2190 959 2249 facilius
974 2189 1072 2249 hostis

91 2273 192 2348 potuit
217 2291 308 2348 quam
333 2281 481 2333 avertere.
521 2273 627 2346 Quod
653 2281 765 2347 turpe
791 2273 1010 2348 existimas,
1036 2273 1100 2333 idt

89 2358 275 2417 accidere
305 2357 513 2417 virobono
544 2373 616 2416 non
644 2363 791 2430 potest,
820 2364 859 2417 ut
885 2357 1071 2417 vincatur.

90 2456 257 2515 numquam
283 2441 362 2501 enim
390 2440 584 2510 subcumbet,
614 2457 778 2515 numquam
806 2441 997 2500 renuntiabit.
1031 2439 1071 2499 ad

89 2524 227 2584 ultimum
250 2541 351 2599 usque
375 2524 455 2583 diem
478 2523 557 2584 vitae
576 2525 667 2584 stabit
687 2529 811 2598 paratus
831 2529 860 2581 et
879 2523 908 2580 in
929 2521 986 2581 hac
1009 2530 1069 2581 sta-

88 2607 173 2668 tione
188 2610 334 2669 morictur
348 2623 457 2681 magna
472 2623 507 2667 se
523 2609 683 2683 accepisse
699 2622 773 2681 prae
789 2621 824 2665 se
845 2605 962 2677 ferens,
985 2604 1070 2678 paria

87 2690 236 2750 voluisse.

150 2774 202 2833 iil.
224 2774 458 2849 Lacedaemonii
475 2782 577 2834 vetant
588 2790 662 2834 suos
676 2772 833 2847 pancratio
847 2778 899 2831 aut
915 2777 1002 2830 cestu
1017 2771 1094 2831 de-1

86 2872 230 2932 cernere,
250 2858 303 2917 ubi
324 2858 498 2917 interiorem
521 2858 654 2918 ostendit
668 2858 739 2916 victi
754 2857 920 2917 consessio.
962 2870 1070 2916 cursor

87 2949 202 3002 cretam
218 2942 302 3016 prior
317 2941 460 3015 contigit:
496 2942 656 3001 velocitate
671 2940 768 3013 iilum,
795 2957 854 3001 non
871 2941 971 3001 animo
984 2947 1069 3000 ante·

86 3026 192 3085 cessit.
221 3027 352 3086 luctator
371 3033 417 3084 ter
431 3025 569 3085 abiectus
582 3025 716 3100 perdidit
732 3027 877 3099 palmam,
901 3042 960 3085 non
976 3025 1067 3084 tradi-

85 3109 139 3167 dit.
173 3124 243 3168 cum
266 3109 396 3169 invictos
418 3125 490 3168 esse
505 3109 739 3169 Lacedaemonii
764 3108 849 3168 cives
866 3125 941 3169 suos
957 3123 1066 3182 magno

86 3193 304 3264 aestimarent,
328 3192 366 3251 ab
381 3191 429 3251 his
449 3194 665 3252 certaminibus
681 3201 892 3261 removerunt,
909 3193 937 3250 in
955 3192 1068 3266 quibus

85 3275 235 3335 victorem
251 3275 323 3335 iacit
338 3292 398 3336 non
414 3277 507 3336 iudex
525 3292 582 3335 nec
599 3293 654 3350 per
670 3292 704 3337 se
719 3277 786 3351 ipse
801 3276 917 3347 exituS,
935 3274 990 3333 sed
1005 3290 1067 3334 vox

85 3357 225 3418 cedentis
240 3366 271 3419 et
284 3360 405 3419 tradere
419 3359 560 3420 iubentis.
582 3361 648 3420 Hoc
664 3360 747 3434 quod
762 3360 804 3419 iili
819 3361 847 3418 in
865 3358 983 3417 civibus
999 3357 1065 3416 suis
1080 3365 1097 3415 l

85 3441 278 3514 custodiunt,
294 3440 392 3502 virtus
408 3459 443 3503 ac
458 3443 540 3503 bona
554 3446 695 3503 voluntas
712 3442 852 3502 ommbus
870 3446 1011 3516 praestat,
1028 3453 1067 3496 ne
