2364 3840
232 269 372 346 niuea.
390 285 551 359 ouausu.
573 287 723 350 maru.
747 295 878 351 rr-n.
980 287 1044 351 sos

68 440 200 499 sednon
217 438 328 514 quibus
344 437 478 498 siderum
494 455 603 498 nomen
620 440 766 514 inponas,
788 439 860 514 quia
871 439 1044 515 dilabuntur

69 540 126 583 nec
141 523 193 583 diu
208 524 318 582 durant
332 531 362 582 et
376 520 479 596 exigui
493 523 637 596 temporis
653 539 738 583 mora
753 521 950 597 dissipantur.

128 648 191 707 XX.
214 649 249 706 ln
270 649 341 706 hac
361 648 557 706 sententia
579 655 669 706 sunt
690 649 869 723 plerique
886 656 1070 710 nostro-1

67 747 146 791 rum
171 746 226 790 nec
246 731 278 789 id
294 738 398 805 putant
418 731 534 790 veritati
552 746 732 805 repugnare.
761 732 901 792 videmus
917 727 996 792 enim
1012 734 1041 791 in

69 814 189 874 sublimi
212 815 295 873 varia
315 812 428 887 ignium
445 812 565 889 concipi
579 829 693 888 genera
708 821 737 873 et
751 815 842 875 modo
859 817 976 876 eoelum
995 833 1041 874 ar·

68 899 156 969 dere,
180 898 272 957 modo

118 1014 126 1025 ·
151 984 252 1054 loripes
267 997 287 1038 a
304 987 385 1054 terpo
396 983 586 1053 flemmarum
601 982 749 1042 albescere
764 989 884 1055 tructas,

66 1064 158 1123 modo
181 1065 264 1120 laces
288 1079 356 1120 cum
370 1061 440 1135 igne
455 1069 543 1121 vasto
559 1062 635 1135 rapi.
664 1062 724 1122 iam
739 1065 807 1140 ipsa
823 1067 961 1138 fulmina,
986 1065 1043 1126 etsi

67 1147 229 1207 velocitate
254 1145 333 1204 mira
354 1145 442 1204 simul
469 1151 498 1203 et
523 1146 750 1220 praestringunt
773 1149 869 1208 aciem
896 1156 925 1208 et
952 1151 1041 1208 relin-

67 1236 180 1304 quunt,
196 1229 282 1302 ignes
299 1236 369 1287 sunt
383 1229 462 1287 aeris
474 1227 534 1287 triti
546 1235 576 1287 et
587 1227 692 1302 inpetu
704 1227 782 1288 inter
794 1245 828 1290 se
841 1232 956 1291 maiore
968 1249 1041 1292 con-

65 1314 123 1372 lisi.
146 1313 215 1371 ideo
232 1327 269 1370 ne
285 1311 431 1370 resistunt
443 1311 579 1385 quidem,
596 1313 652 1370 sed
664 1313 806 1385 expressi
818 1311 916 1373 fluunt
927 1322 957 1374 et
972 1331 1041 1389 pro-

64 1397 147 1456 tinus
169 1403 306 1470 pereunt.
341 1393 401 1453 Alii
424 1411 495 1454 vero
517 1395 603 1468 ignes
620 1394 671 1454 diu
687 1404 810 1456 manent
824 1412 881 1455 nec
896 1405 965 1456 ante
980 1398 1070 1458 dis-2

66 1479 180 1538 cedunt
201 1494 292 1552 quam
314 1485 528 1551 consumptum
549 1486 597 1537 est
617 1494 720 1552 omne,
744 1496 805 1553 quo
827 1482 1041 1554 pascebantur,

66 1564 256 1621 alimentum:
284 1561 343 1620 hoe
365 1562 434 1619 loeo
457 1569 528 1620 sunt
544 1561 594 1619 illa
609 1578 626 1620 a
640 1561 805 1623 Posidonio
823 1562 938 1638 scripta
952 1563 1041 1623 mira·

66 1647 150 1716 cula,
175 1646 334 1704 columnae
355 1643 507 1717 clipeique
527 1643 691 1742 flagraptes
707 1646 847 1722 aliaeque
861 1647 970 1721 insigni
986 1662 1042 1705 no·

65 1730 159 1789 vitate
180 1727 336 1799 flammae,
360 1743 438 1800 quae
457 1744 517 1786 non
533 1734 703 1787 everterent
716 1731 849 1804 animm,
871 1731 897 1790 si
914 1746 954 1789 ex
969 1746 1040 1789 con·

67 1812 229 1871 suetudine
250 1816 279 1869 et
299 1810 367 1883 lege
388 1811 598 1870 decurrerent:
625 1813 665 1870 ad
685 1812 762 1872 haec
782 1821 905 1889 stupent
925 1829 1040 1887 omnes,

68 1912 148 1970 quoe
161 1894 350 1968 repentinum
365 1894 465 1968 ignem
480 1909 519 1951 ex
534 1895 594 1953 alto
610 1894 754 1969 efferunt,
772 1898 838 1956 sive
853 1898 974 1956 emicuit
988 1898 1041 1956 ali·

67 1978 142 2052 quid
163 1986 193 2037 ct
214 1979 289 2052 sugit
310 1977 376 2037 sive
396 1992 567 2052 conpresso
589 1980 660 2036 aere
682 1985 711 2036 et
731 1980 760 2036 in
776 1980 916 2038 ardorem
933 1987 1039 2040 coacto
1076 2027 1079 2031 .

65 2063 135 2120 loco
157 2059 293 2122 miraculi
312 2061 401 2121 stetit.
443 2061 520 2134 Quid
542 2068 637 2133 ergo?
665 2078 725 2122 non
748 2061 912 2136 aliquando
933 2062 1069 2126 lacunas

66 2145 239 2204 secedentis
263 2150 366 2217 [retro]
389 2144 520 2203 aetheris
542 2146 638 2219 patuit
657 2151 687 2208 et
708 2154 825 2205 vastum
847 2147 876 2204 in
902 2161 1038 2205 concavo
1094 2208 1097 2212 A

66 2229 189 2287 lumen?
209 2229 380 2287 exclamare
395 2244 523 2301 posses:
546 2227 620 2302 quid
635 2236 682 2288 est
696 2228 776 2288 hoel

441 2313 567 2372 medium
581 2312 664 2372 video
678 2313 831 2374 discedere
844 2315 963 2372 coelam-

145 2398 342 2468 potentesque
354 2398 421 2469 polo
434 2398 542 2467 stelles,

67 2491 147 2552 quae
170 2478 333 2552 aliquando
355 2493 416 2535 non
441 2486 620 2551 exspectata
642 2486 731 2539 nocte
759 2480 907 2538 fulserunt
932 2486 961 2537 et
985 2494 1040 2552 per

66 2560 198 2618 medium
211 2567 377 2634 eruperunt
386 2559 475 2620 diem.
492 2560 548 2619 sed
560 2561 619 2619 alia
630 2561 719 2619 huius
731 2559 775 2619 rei
786 2562 861 2620 ratio
875 2569 931 2631 est,
945 2577 1040 2633 quare

61 2642 164 2701 'alieno
186 2648 324 2718 tempore
345 2644 492 2716 adparent
512 2642 542 2700 in
559 2646 645 2714 aire,
668 2660 744 2717 quas
760 2659 845 2715 esse,
867 2643 956 2703 etiam
971 2658 1039 2701 cum

65 2726 173 2798 latent,
196 2734 324 2786 constat.
358 2725 469 2785 Multos
486 2733 620 2785 cometas
635 2742 696 2784 non
713 2726 865 2799 videmuS‚
887 2726 970 2800 quod
987 2727 1069 2789 olo-4

65 2816 227 2870 scurantur
247 2809 340 2867 radiis
362 2809 446 2871 solis.
476 2825 537 2882 quo
553 2808 713 2869 deficiente
731 2809 884 2884 quondam
900 2818 1038 2869 cometen

66 2891 265 2965 adparuisse,
287 2908 378 2965 quem
393 2892 439 2950 sol
456 2891 572 2951 vicinus
589 2900 718 2963 texerat,
740 2890 923 2951 Posidonius
938 2892 1038 2952 tradit.

67 2973 168 3048 Saepe
189 2983 290 3034 autem
311 2992 377 3034 oum
400 2975 510 3035 oceidit
532 2976 594 3047 sol,
623 2974 724 3050 sparsi
743 2975 828 3049 ignes
850 2990 911 3034 non
933 2978 1039 3050 procul

65 3058 103 3116 ab
126 3075 163 3117 eo
187 3059 336 3117 videntur.
366 3057 505 3117 videlieet
523 3058 591 3132 ipsa
610 3060 698 3117 stella
719 3061 784 3117 sole
806 3057 995 3131 pertunditur
1009 3066 1040 3121 et

65 3141 135 3200 ideo
157 3141 276 3217 adspici
296 3158 356 3200 non
377 3149 493 3217 potest:
523 3146 685 3213 eom[et]ao
711 3148 809 3200 autem
832 3141 936 3201 radios
964 3143 1037 3201 solis

65 3223 223 3298 effugiunt.

127 3349 203 3409 XXI.
232 3349 335 3408 Placet
356 3364 428 3424 ergo
450 3347 564 3410 nostris
585 3353 721 3410 cometas
741 3345 937 3417 sanitates,
960 3344 1063 3405 sicuti

64 3432 153 3492 tubas
173 3432 337 3506 trabesque
358 3441 388 3492 et
409 3432 468 3493 alia
488 3438 608 3493 ostenta
629 3429 707 3495 coeli
727 3429 764 3492 de
892 3442 917 3493 re
931 3441 964 3487 er
1004 3425 1037 3491 ri.

64 3512 138 3576 Ideo
161 3516 241 3575 eirca
262 3516 508 3589 septemtrionem
526 3515 620 3591 nequ
964 3526 984 3587 q
