2364 3840
85 207 227 268 NATUR.
241 206 402 282 QUAEST.
417 207 547 266 LlB.IlI.
563 206 800 269 30.-L1B.lV.
816 209 951 269 PRAEF.
975 209 1039 271 239

64 361 188 420 efficere
208 359 382 433 imperium,
409 358 492 433 quod
512 365 560 417 θεῖ
580 358 762 431 procuratio.
799 358 961 418 Facturum
978 360 1036 421 boc

63 452 93 504 te
114 460 175 503 non
197 443 311 502 dubito.
349 441 428 514 scio,
451 457 541 515 quam
563 443 606 500 sis
622 439 777 500 ambitioni
792 442 923 516 alienus,
945 460 1036 518 quam

18 551 20 554 ⁴
63 527 220 586 lamiliaris
241 527 302 587 otio
324 532 352 584 θῖ
372 525 475 585 literis.
503 525 620 601 turbam
636 524 791 584 hominum
806 540 969 602 rerumque
984 529 1036 586 de·

62 607 214 681 siderent,
243 610 294 682 qui
315 625 350 668 se
370 609 433 682 pati
453 611 609 669 nesciunt=
637 607 690 667 tibi
712 617 810 668 tecum
833 610 944 683 optime
964 627 1036 670 con-

62 696 154 754 venit.
190 693 251 751 Nec
274 700 322 752 est
343 693 450 752 mirum
475 692 581 766 paucis
607 693 689 751 istud
711 693 886 767 contingere
908 699 960 766 [in]
983 695 1065 757 int-2

61 779 163 853 perio,
186 777 212 836 si
228 775 316 835 nobis
329 777 386 850 ipsi
401 777 521 835 molesti
533 792 654 848 sumus,
672 775 699 834 si
710 777 802 835 modo
815 792 918 836 amore
930 781 1034 854 nostri,

61 862 154 922 modo
168 861 268 920 taedio
284 860 474 931 laboramuS,
490 859 641 919 infelicem
656 859 787 919 animum
798 877 879 919 nunc
892 862 1036 936 superbia

60 944 219 1018 inflamuS,
248 959 329 1002 nunc
345 943 514 1016 cupiditate
536 943 752 1016 distendimuS,
783 945 857 1003 alias
881 947 1036 1021 voluptate

60 1030 231 1099 lassamuS,
255 1028 330 1087 alias
353 1027 554 1086 sollicitudine
571 1028 738 1087 exurimus.
770 1029 854 1102 quod
870 1036 917 1087 est
931 1031 1036 1089 miser-

44 1113 183 1191 rimum,
204 1127 369 1186 numquam
384 1111 494 1184 singuli
509 1126 631 1169 sumus:
654 1126 784 1170 necesse
799 1120 846 1171 est
865 1112 967 1188 itaque
982 1117 1035 1173 ud-

59 1195 151 1255 sidua
172 1196 211 1255 sit
231 1196 261 1254 in
281 1203 363 1254 tanto
385 1193 525 1254 vitiorum
548 1194 746 1254 contubernio
766 1196 841 1253 rixa.
876 1197 938 1255 Fac
953 1214 1064 1271 ergo,3

59 1279 100 1337 mi
121 1278 231 1351 Lucili,
255 1279 337 1352 quod
360 1278 461 1337 lacere
483 1277 654 1338 consuesti:
684 1279 805 1337 aturba
824 1287 867 1351 te,
890 1274 1036 1353 quantum

58 1370 166 1437 potes,
190 1378 315 1436 separa,
341 1377 378 1419 ne
393 1362 600 1422 adulatoribus
615 1363 694 1421 latus
711 1362 876 1435 praebeas=
903 1363 1035 1422 artifices

59 1453 132 1506 sunt
146 1447 186 1504 ad
200 1445 371 1519 captandos
388 1445 575 1517 superiores.
598 1462 654 1520 par
668 1444 741 1518 illis,
760 1445 878 1505 etiamsi
893 1447 970 1505 bene
986 1462 1035 1506 ca-

26 1532 30 1542 '
58 1531 157 1602 veriS,
181 1545 242 1588 non
258 1530 329 1587 eris.
352 1529 443 1587 crede
456 1528 541 1602 mihi,
565 1530 710 1603 cupieris,
727 1529 892 1603 proditioni
905 1529 954 1602 [si]
968 1532 1035 1605 ipse

57 1614 223 1674 tetradas.
263 1612 383 1672 Habent
403 1613 461 1672 hoc
482 1613 512 1670 in
534 1628 568 1670 se
591 1615 727 1672 naturale
745 1614 922 1673 blanditiae:
945 1614 1064 1673 etiamr

58 1713 129 1757 cum
143 1696 308 1756 reiciuntur
325 1697 459 1769 placent,
482 1712 576 1769 saepe
593 1697 738 1756 exclusae
750 1697 916 1757 novissime
929 1699 1035 1758 admit-

56 1789 170 1841 tuntur.
202 1780 261 1840 hoc
283 1781 361 1838 enim
383 1781 484 1853 ipsum
505 1780 657 1852 inputant,
681 1781 764 1852 quod
785 1782 980 1855 repelluntur,
1006 1791 1036 1842 et

57 1864 159 1937 subigi
181 1878 219 1922 ne
246 1864 427 1923 contumelia
454 1863 576 1935 quidem
603 1870 741 1936 possunt.
782 1863 962 1922 Incredibile
989 1873 1036 1924 est

57 1947 143 2023 quod
158 1947 293 2007 dicturus
315 1964 397 2017 sum,
422 1946 477 2005 sed
493 1954 592 2004 tamen
609 1962 726 2004 verum:
751 1961 788 2003 ea
802 1947 933 2006 maxime
950 1947 1033 2027 quis-

57 2046 120 2106 que
141 2038 236 2104 patet,
262 2047 322 2104 qua
341 2031 462 2105 petitur.
493 2031 624 2089 fortasse
645 2029 725 2087 enim
745 2029 830 2101 ideo,
855 2029 925 2103 quia
942 2036 1032 2103 patet,

55 2114 178 2190 petitur.
216 2113 267 2174 Sic
283 2130 356 2188 ergo
375 2115 521 2186 formare,
544 2121 577 2173 ut
594 2113 674 2172 scias
691 2128 751 2172 non
767 2119 907 2185 possete
925 2121 1062 2173 θοηεθ-5

57 2198 128 2272 qui,
150 2204 182 2256 ut
196 2198 239 2256 sis
254 2197 493 2272 inpenetrabilis.
520 2213 588 2256 cum
605 2197 706 2257 omnia
721 2197 855 2269 caveriS,
877 2212 933 2271 per
945 2213 1032 2257 orna-

55 2289 158 2340 menta
178 2282 274 2344 feriet.
305 2282 393 2340 Alius
410 2281 584 2341 adulatione
601 2283 677 2340 clam
692 2288 800 2351 utetur,
824 2297 930 2355 parce,
955 2280 1032 2341 alius

56 2379 96 2423 cx
111 2371 233 2438 aperto,
256 2365 371 2438 palam,
393 2362 560 2424 rusticitate
575 2365 728 2434 simulata,
751 2365 840 2437 quasi
856 2368 1033 2439 simplicitas

54 2443 107 2506 illa
121 2463 171 2506 ars
186 2464 248 2506 non
264 2448 312 2508 sit.
346 2448 492 2519 Planum,
508 2448 617 2507 artilex
632 2455 701 2506 ante
713 2448 856 2506 Villeiurn
872 2449 1032 2521 maximuS,

55 2528 158 2590 aiebat
172 2548 233 2590 non
249 2531 455 2591 esse'occulte
471 2545 527 2588 nec
544 2548 582 2590 ex
598 2531 787 2591 dissimulato
805 2531 1031 2590 blandiendum.

53 2616 151 2685 Perit,
172 2615 285 2689 inquit,
303 2619 443 2690 procori,
464 2618 492 2674 si
503 2619 581 2674 latet.
617 2614 779 2674 Plurimum
796 2614 943 2685 adulator,
963 2617 1059 2673 eumd

55 2697 270 2771 deprehensus
286 2706 347 2768 est,
367 2698 501 2772 prolicit:
525 2700 594 2771 plus
609 2700 795 2769 etiamnunc,
816 2698 842 2755 si
854 2697 1031 2771 obiurgatus

55 2789 117 2852 est,
134 2781 161 2839 si
173 2781 301 2842 erubuit.
337 2782 468 2842 Futurus
481 2783 591 2841 multos
602 2781 731 2839 Plancos
745 2781 843 2854 cogita
855 2781 884 2839 in
898 2797 1032 2855 persona

54 2872 107 2924 tua
127 2872 158 2924 et
178 2864 237 2926 lroc
258 2881 318 2924 non
340 2881 410 2925 esse
431 2865 597 2924 remedium
619 2865 690 2923 tanti
706 2866 790 2933 rnali,
809 2866 889 2924 nolle
903 2865 1030 2925 laudari.

56 2946 182 3022 Crispus
198 2949 379 3022 Passienus,
403 2964 464 3021 quo
480 2964 537 3020 ego
554 2948 593 3005 nil
606 2949 679 3006 novi
695 2947 834 3007 subtilius
847 2948 876 3006 in
890 2949 1030 3008 omnibus

53 3032 162 3105 rebuS,
187 3034 318 3092 maxime
331 3034 362 3090 in
378 3030 600 3106 distinguendis
617 3038 647 3089 et
661 3032 803 3089 curandis
819 3031 913 3105 vitiis,
937 3048 1030 3106 saepe

55 3114 177 3175 dicebat
192 3116 418 3176 adulationibus
434 3131 490 3174 nos
506 3132 566 3174 non
583 3113 726 3173 claudere
739 3116 863 3186 ostium,
887 3116 943 3173 sed
958 3131 1031 3188 ape-

53 3199 130 3272 rire,
153 3201 316 3274 etquidem
330 3199 388 3267 sic,
406 3205 439 3259 ut
450 3199 565 3257 amicae
577 3197 691 3272 opponi
705 3200 797 3269 solet,
816 3199 931 3270 quaesi
943 3199 1029 3271 inpu-

52 3281 100 3355 lit,
123 3290 209 3357 grata
230 3291 291 3355 est,
313 3283 442 3357 gratior,
469 3283 495 3340 si
511 3281 637 3354 effregit.
675 3280 857 3339 Demetrium
875 3282 1058 3356 egregiuml

54 3367 153 3425 virum
174 3367 296 3426 memini
317 3367 419 3425 dicere
442 3365 561 3424 cuidam
585 3364 724 3423 libertino
745 3364 881 3438 potentia
910 3364 1029 3422 facilem

52 3449 112 3508 sibi
136 3451 213 3509 viam
237 3451 276 3508 ad
298 3449 419 3508 divitias
436 3463 521 3523 essa,
545 3464 606 3522 quo
622 3445 928 3507 diebonaementie'
