2346 3832
270 82 323 144 DE
337 82 550 143 BENEFICIIS
571 83 722 144 LIB.VII.
745 89 874 146 14-16.
1003 80 1065 148 145

84 249 145 296 nae
159 234 231 307 fuit,
254 240 285 293 et
310 247 434 308 semper
448 241 555 295 contra
568 236 721 295 fortunam
736 237 849 296 luctata
863 235 960 295 virtus
975 237 1065 297 etiam

85 319 162 379 citra
183 317 327 378 effectum
349 318 501 392 propositi
523 319 627 394 operis
651 319 767 379 enituit.
803 317 876 379 Plus
905 320 1063 394 praestitit,

84 402 137 478 qui
152 400 306 476 fugientes
318 401 500 462 occasiones
516 409 640 463 secutus
656 410 703 463 est
717 409 748 463 et
762 400 821 463 alia
835 410 928 478 atque
942 403 1001 462 alia
1015 419 1066 463 ca-

84 484 196 561 ptavit,
222 501 279 559 per
305 500 385 559 quae
408 486 523 545 referre
550 486 679 560 gratiam
704 494 827 562 posset,
855 502 947 561 quam
974 503 1064 562 quem

84 570 152 630 sine
166 569 229 629 ullo
248 569 364 629 sudore
378 576 496 642 gratum
512 570 611 642 prima
626 571 696 631 lecit
711 569 845 631 occasio.
873 616 891 645 „
900 570 999 645 Duas,
1021 569 1064 629 in·
1080 576 1097 629 3

83 654 163 728 quit,
188 668 240 712 res
265 651 317 712 ille
336 652 390 712 tibi
412 652 575 726 praestitit,
597 656 781 716 voluntatem
797 661 827 715 et
840 670 921 715 rem:
943 663 975 714 tu
990 669 1067 729 quo·

84 752 145 812 que
168 735 211 795 illi
233 735 313 795 duas
335 734 463 798 debes.“
492 735 599 796 Merito
624 738 705 798 istud
730 739 850 798 diceres
871 737 914 812 ei,
939 737 992 813 qui
1012 737 1067 798 tibi

82 818 217 879 reddidit
238 820 426 879 voluntatem
448 820 592 879 otiosam:
620 821 690 880 huic
712 836 785 881 vero
804 822 941 895 [debes]‚
964 822 1067 898 quiet

81 905 147 962 vult
160 910 192 962 et
207 908 335 964 conatur
347 910 377 962 et
391 901 463 961 nibil
478 904 686 978 intemptatum
701 904 851 978 relinquit,
867 912 918 978 [et]
933 921 994 965 non
1010 921 1066 980 po-

80 993 128 1047 tes
147 986 262 1046 dicere.
289 993 452 1060 utrumque
474 987 553 1046 enim
575 994 725 1061 praestat,
747 995 892 1061 quantum
913 989 943 1047 in
961 1005 995 1049 se
1010 997 1065 1050 est.

80 1069 199 1129 Deinde
214 1085 276 1130 non
293 1085 417 1144 semper
431 1086 557 1131 numero
573 1085 717 1130 numerus
733 1071 913 1145 aequandus
931 1077 986 1131 est.
1013 1074 1097 1131 ali-4

82 1153 207 1227 quando
228 1169 292 1213 una
311 1168 363 1212 res
385 1168 441 1227 pro
462 1154 582 1214 duabus
604 1156 696 1213 valet:
719 1152 822 1229 itaque
847 1153 878 1213 in
899 1155 1000 1213 locum
1020 1155 1065 1214 rei

81 1236 224 1297 succedit
254 1243 314 1296 tam
347 1252 504 1311 propensa
533 1239 675 1297 voluntas
705 1244 735 1297 et
764 1235 877 1312 cupida
904 1238 1064 1297 reddendi.

82 1319 200 1392 Quodsi
218 1321 337 1380 animus
353 1320 419 1379 sine
434 1337 467 1380 re
482 1321 521 1380 ad
536 1322 728 1381 referendam
749 1318 875 1395 gratiam
896 1336 957 1380 non
973 1321 1063 1394 valet,

80 1420 171 1463 nemo
193 1403 345 1463 adversus
367 1404 444 1464 deos
466 1411 570 1478 gratus
591 1412 653 1480 est,
680 1404 710 1464 in
733 1421 813 1480 quos
833 1405 977 1466 voluntas
998 1407 1065 1465 sola
1104 1438 1107 1443 >

81 1489 245 1546 confertur.
269 1485 364 1561 „Dis,
380 1486 491 1562 inquit,
507 1488 580 1547 nihil
595 1488 677 1549 aliud
693 1497 849 1563 praestare
865 1492 1096 1564 possumus.“5

81 1570 143 1630 Sed
171 1571 198 1630 si
223 1571 294 1630 huic
319 1586 460 1646 quoque,
486 1572 534 1630 cui
558 1573 674 1632 reterre
701 1575 827 1646 gratiam
852 1574 967 1646 doben,
991 1573 1064 1632 nibil

80 1654 161 1714 aliud
184 1662 344 1730 praestare
363 1670 507 1728 possum,
532 1655 605 1730 quid
627 1663 687 1728 est,
710 1673 804 1729 quare
826 1673 886 1715 non
903 1673 940 1718 eo
956 1658 1064 1717 adver-

80 1754 133 1818 sus
149 1737 305 1798 hominem
320 1744 425 1812 gratus
441 1739 514 1812 sim,
537 1755 598 1813 quo
613 1738 687 1797 nihil
702 1740 832 1812 amplius
847 1740 876 1798 in
897 1740 974 1799 deos
991 1756 1063 1798 con-

81 1822 172 1883 ierne

139 1905 222 1965 XVI.
252 1905 284 1964 Si
305 1912 405 1965 tamen
429 1905 503 1980 quid
523 1904 652 1965 sentiam
679 1905 802 1978 quaeris
824 1911 854 1964 et
874 1904 920 1963 vis
942 1903 1094 1978 signaret

80 2005 282 2064 responsum:
310 1989 359 2048 bic
380 1988 563 2049 beneficium
578 1988 738 2062 recepisse
760 2003 795 2048 se
815 1988 943 2061 iudicet,
964 1988 1015 2048 ille
1030 2004 1064 2048 se

80 2074 156 2134 sciat
176 2088 240 2134 non
261 2072 445 2132 reddidisse.
477 2073 534 2133 Hic
555 2073 639 2133 illum
661 2072 804 2146 dimittat,
830 2070 880 2132 ille
903 2088 937 2133 se
952 2078 1062 2134 teneat.

80 2155 125 2217 hic
146 2156 245 2216 dicat=
268 2157 384 2230 babeo,
400 2157 450 2215 ille
467 2157 667 2231 respondeat:
689 2156 798 2218 debeo.
822 2156 855 2217 ln
871 2158 953 2218 omni
969 2162 1095 2232 quae-2

80 2241 178 2301 stione
190 2241 385 2316 propositum
400 2241 439 2300 sit
451 2239 541 2300 nobis
552 2240 667 2300 bonum
679 2240 843 2315 publicum.
865 2242 1063 2316 praecluden-

80 2325 134 2384 dae
163 2331 238 2384 sunt
262 2325 478 2384 excusationes
504 2323 645 2399 ingratis,
671 2325 711 2384 ad
738 2341 815 2400 quas
839 2325 981 2398 refugere
1000 2340 1063 2383 non

80 2408 201 2482 possint
215 2415 245 2468 et
265 2407 322 2467 sub
340 2408 450 2482 quibus
466 2407 672 2467 infitiationem
686 2424 775 2469 suam
789 2415 902 2480 tegere.
935 2406 1064 2477 „Omnia

80 2493 165 2552 leci.“
200 2491 263 2552 Fac
279 2491 458 2552 etiamnunc.
488 2490 588 2563 Quid?
608 2499 641 2551 tu
654 2488 714 2552 tam
730 2490 929 2571 inprudentes
945 2488 1091 2548 iudicas3

80 2577 210 2638 maiores
225 2583 350 2636 nostros
365 2576 477 2647 luisse,
493 2582 526 2634 ut
540 2590 601 2633 non
615 2575 827 2648 intellegerent
837 2571 1062 2646 iniquissimum

79 2675 146 2720 esse
162 2659 275 2720 eodem
293 2660 361 2720 loco
376 2659 483 2717 haberi
498 2673 582 2732 eum,
600 2660 652 2733 qui
665 2656 839 2732 pecuniam,
857 2674 948 2732 quam
964 2674 982 2716 a
997 2673 1061 2717 cre-

79 2742 175 2805 ditore
191 2749 363 2818 acceperat,
380 2742 504 2802 libidine
523 2749 576 2802 aut
590 2744 657 2802 alea
672 2741 852 2816 absumpsit,
871 2749 901 2802 et
915 2759 992 2815 eum,
1010 2742 1062 2817 qui

78 2827 219 2888 incendio
240 2833 293 2886 aut
313 2825 471 2886 latrocinio
500 2834 550 2886 aut
576 2827 679 2909 aliquo
706 2841 782 2885 casu
805 2826 938 2887 tristiore
963 2828 1062 2887 aliena

78 2925 143 2970 cum
161 2912 228 2972 suis
245 2909 401 2985 perdiditt
421 2910 534 2971 nullam
556 2907 788 2969 excusationem
808 2918 1005 2986 receperunt,
1030 2919 1063 2971 ut

78 2993 215 3055 homines
238 2997 353 3054 seirent
373 2994 464 3054 fidem
485 2995 591 3067 utique
612 2994 836 3067 praestandam.
871 2997 966 3056 satius
982 2995 1061 3054 enim

77 3088 138 3140 erat
154 3097 172 3138 a
188 3078 296 3155 paucis
307 3080 402 3149 >etiam
416 3079 526 3138 iustam
538 3081 766 3137 excusationem
783 3095 844 3138 non
856 3080 954 3153 accipi
972 3094 1062 3152 quam

77 3164 114 3222 ab
130 3164 274 3223 omatibus
291 3163 424 3237 aliquam
438 3161 588 3235 temptari.
613 3161 720 3222 Omnia
735 3163 834 3222 iecisti
850 3169 883 3221 ut
896 3162 1090 3222 redderes=4

75 3246 134 3308 hoc
148 3247 190 3307 illi
206 3247 281 3306 satis
297 3247 352 3319 sit,
368 3246 421 3306 tibi
443 3261 559 3321 parum.
583 3262 654 3304 nam
675 3247 932 3319 quemadmodum
947 3243 1012 3314 ille,
1033 3241 1061 3300 si

75 3330 198 3391 enixam
213 3338 243 3391 et
254 3331 392 3390 sedulam
408 3345 533 3404 operam
548 3328 679 3390 transire
693 3345 749 3402 pro
765 3328 855 3387 inrita
870 3320 1060 3414 patitur,·'cui

76 3416 171 3488 gratia
191 3415 342 3488 referatur
362 3414 505 3488 indignus
526 3420 587 3487 est,
612 3413 653 3473 ita
672 3420 706 3473 tu
726 3413 863 3484 ingratus
879 3425 928 3480 es,
949 3403 1059 3476 nister,

118 3517 219 3558 saraca
233 3517 304 3556 rara.
320 3503 350 3556 ll,
861 3499 894 3549 10
