2364 3840
263 205 404 266 unrun.
420 205 582 280 oomsr.
605 207 677 266 erc.
689 209 741 266 vr.
764 186 895 271 ar-‘ao
1006 210 1068 275 ιιι
1119 158 1121 160 ,

154 359 259 418 XXIX.
286 359 373 417 Nam
395 360 495 433 quod
517 359 667 432 aliquot
687 360 837 419 insonis
861 361 1095 433 adtonitis-1

95 460 168 519 quc
191 441 341 502 similes
363 442 598 515 discurrere,
627 443 721 502 lecit
742 451 879 516 metus,
908 445 959 518 qui
976 463 1068 505 excu-

95 530 128 588 q
142 533 273 594 mentes,
302 524 354 584 ubi
375 525 511 598 privatus
527 541 563 583 ac
577 525 716 585 modicus
731 534 787 586 est.
813 527 863 601 qui
879 527 931 586 ubi
948 530 1068 603 publice

93 619 199 681 terret,
220 608 273 668 ubi
289 609 401 668 cadunt
417 609 523 681 urbeS,
546 609 652 683 populi
665 611 885 684 opprimuntur,
904 617 983 670 terro
995 629 1067 672 con-

93 696 211 766 cutitur,
237 692 312 767 quid
332 692 439 750 mirum
461 699 509 751 est
529 693 647 752 animos
668 694 744 753 inter
759 694 895 753 dolorem
912 704 942 754 et
956 704 1068 755 metum

93 778 253 837 destitutos
275 776 460 835 aberrasse?
498 775 563 834 Non
585 783 631 834 cst
652 777 739 835 lacile
762 778 838 837 inter
857 793 966 852 magna
988 781 1094 846 malas

92 877 154 920 non
169 860 321 935 desipere.
344 860 447 933 itaque
461 858 616 918 levissima
631 862 694 919 lere
709 861 830 934 ingenio
844 861 874 922 in
889 869 1002 922 tantum
1014 878 1065 921 ve-

93 959 165 1003 nere
186 942 371 1015 formidiniS,
392 949 426 1001 ut
446 943 504 1001 sibi
526 943 711 1001 exciderent.
747 944 842 1005 Nemo
859 946 980 1020 quidem
1000 946 1066 1005 sine

92 1029 195 1101 aliqua
226 1027 340 1085 iactura
372 1025 508 1085 sanitatis
541 1026 666 1100 expavit
689 1027 858 1101 similisque
884 1036 930 1088 est
958 1031 1066 1089 furenti

93 1112 233 1187 quisquis
248 1110 357 1170 timuit:
378 1111 435 1168 sed
450 1111 526 1168 alios
541 1110 600 1168 cito
617 1110 705 1167 timor
721 1110 778 1168 sibi
793 1112 908 1183 reddit,
925 1113 1001 1173 alios
1014 1130 1065 1173 ve-

92 1195 262 1255 hemcnlius
276 1193 431 1267 perturbat
443 1200 473 1252 et
484 1193 513 1250 in
527 1192 707 1251 dementiam
718 1195 870 1254 transfert.
904 1195 978 1253 Inde
991 1196 1094 1262 intera

92 1279 173 1338 bella
188 1293 328 1336 erravere
345 1276 521 1353 lymphatici
537 1292 594 1334 nec
608 1293 738 1348 usquam
756 1278 843 1350 plura
858 1280 999 1350 exempla
1015 1295 1064 1336 va·

91 1361 276 1421 ticinantium
291 1360 445 1433 invenies,
470 1376 559 1437 quom
576 1361 626 1419 ubi
645 1360 773 1419 lormido
788 1369 904 1420 mentes
919 1361 1065 1434 religione

91 1446 187 1504 mixta
202 1443 363 1519 percussit.

154 1527 244 1586 XXX.
272 1527 354 1587 Stat
342 1534 440 1586 tuam
462 1529 625 1586 divisam
649 1543 720 1586 non
744 1526 874 1601 miror,
898 1528 1064 1586 cumdixe-
1078 1543 1092 1593 l

91 1613 147 1671 rim
163 1619 281 1671 monles
297 1627 315 1670 a
329 1610 481 1671 montibus
493 1612 664 1671 recessisse
676 1612 723 1670 et
716 1628 817 1686 ipsum
828 1610 980 1705 diruptum
994 1626 1064 1670 esse

91 1696 330 1755 mmmm

174 1779 259 1839 Haec
273 1783 339 1840 loco
353 1796 380 1839 ιι
377 1780 542 1854 quondam
556 1786 585 1839 et
597 1796 648 1838 vas
650 1786 680 1837 tc
650 1783 829 1839 tconvotsa
843 1783 933 1838 ruina

159 1916 160 1921 ,
176 1868 301 1933 (tontum
316 1866 382 1922 oevi
394 1866 555 1937 lonqinquo
569 1867 649 1922 votet
661 1869 776 1922 mutare
793 1868 932 1932 vetustos)

176 1947 335 2006 dedicisse
345 1946 465 2019 ferunt,
487 1963 554 2006 cam
563 1950 702 2021 protinas
715 1954 841 2020 utroque
855 1949 939 2005 tellus

175 2047 237 2088 ιιια
247 2029 337 2102 soret.
382 2032 466 2090 Venit
478 2032 590 2104 annena·
604 2034 749 2104 utpoatus
764 2038 793 2090 et
805 2032 909 2102 tacens

175 2113 349 2187 Hesperium
365 2114 464 2175 Siculo
480 2118 558 2174 totos
572 2115 697 2174 abscidit
709 2130 844 2187 aruaque
857 2119 885 2171 et
899 2113 985 2172 arbes

176 2213 303 2270 aequore
317 2199 453 2258 diductos
468 2205 592 2272 opposta
605 2201 736 2258 interluit
750 2203 841 2257 aestu.

91 2278 188 2338 Vides
209 2287 289 2340 totas
307 2282 448 2355 regiones
464 2299 482 2340 a
497 2281 561 2342 suis
577 2283 703 2341 sedibus
719 2281 824 2340 revelli
838 2288 868 2340 et
882 2288 966 2339 trans
981 2294 1092 2348 nrureo

90 2362 205 2433 iacere,
228 2365 311 2438 quod
326 2364 356 2424 in
369 2365 500 2425 confinio
513 2367 620 2424 lueret.
644 2366 731 2424 vides
742 2374 772 2426 et
782 2363 899 2423 urbium
913 2363 978 2423 fieri
991 2379 1062 2437 gen-

90 2448 227 2520 tiumque
250 2447 425 2520 discidium,
450 2464 517 2507 cum
536 2465 607 2522 pars
632 2456 756 2508 naturae
778 2448 896 2507 concita
917 2452 966 2504 est
980 2446 1018 2504 de
1033 2463 1064 2506 sc

90 2537 120 2589 et
140 2530 241 2604 aliquo
264 2547 361 2602 more,
389 2532 503 2605 ignem,
531 2533 667 2606 spiritum
688 2530 817 2617 inpegit,
842 2544 970 2602 quorum
989 2528 1064 2586 mira

88 2620 122 2672 ut
137 2628 174 2671 ex
190 2620 253 2674 toto
268 2615 315 2674 vis
331 2622 392 2674 est
416 2617 555 2690 quamvis
571 2617 650 2674 enim
666 2631 704 2673 ex
717 2620 802 2688 parte
814 2611 943 2681 semlai,
960 2609 1063 2669 mundi

90 2706 190 2757 temen
209 2697 322 2758 viribus
335 2699 441 2759 saevit.
479 2698 571 2758 Sicet
559 2697 745 2772 tHispanias
757 2714 775 2755 o
787 2704 857 2755 cont
846 2656 1091 2757 textu’rliricaes

89 2796 174 2838 mare
189 2780 308 2854 cripuit.
331 2782 376 2842 sic
388 2782 532 2857 perhanc
544 2781 785 2852 inundationem,
802 2795 892 2854 quarn
906 2784 1064 2852 poetarum

90 2863 212 2922 maximi
227 2865 394 2937 celebrent,
416 2866 454 2924 ab
469 2866 552 2924 ltalia
567 2865 669 2925 Sicilia
680 2866 792 2924 reiecta
804 2869 859 2921 est.
897 2862 1063 2935 Aliquanto

89 2954 188 3005 autem
203 2947 272 3021 plus
284 2949 404 3023 inpetus
417 2949 537 3021 liabent,
555 2964 633 3023 quae
646 2965 684 3008 ex
696 2948 798 3007 inllmo
811 2945 944 3005 veniunt.
966 2944 1063 3004 acrio-

88 3046 124 3088 ra
138 3029 219 3089 eoim
233 3040 318 3102 sunt,
337 3034 447 3106 quibus
463 3031 548 3092 nisus
564 3039 610 3091 est
627 3048 681 3105 per
693 3037 830 3106 angusta.
868 3028 1001 3102 Quantas
1014 3042 1063 3087 res
1076 3037 1093 3089 4

88 3113 120 3170 hi
136 3120 282 3174 terrarum
299 3124 444 3176 tremores
458 3131 610 3190 quamque
627 3116 700 3174 mira
716 3115 893 3188 spectacula
904 3111 1063 3181 ediderint,

89 3197 164 3256 sotis
185 3199 297 3258 dictum
320 3207 381 3259 este
410 3215 463 3260 cur
484 3214 556 3272 ergo
578 3198 688 3272 aliquis
710 3197 824 3257 adhoc
842 3204 957 3271 stupet,
980 3193 1063 3266 quod

90 3295 143 3338 aes
159 3283 248 3341 unius
267 3289 386 3343 statuae
406 3299 444 3342 ne
462 3283 597 3350 solidum
610 3282 748 3356 quidem,
771 3281 827 3340 sed
844 3293 1011 3343 concavum
1027 3290 1063 3335 ac

90 3372 181 3423 tenue
195 3365 347 3439 diruptum
360 3372 415 3438 est,
433 3381 500 3425 cum
515 3365 645 3425 tortasse
658 3364 687 3424 in
700 3365 773 3425 illud
785 3381 819 3424 sc
833 3363 958 3437 spiritus
971 3371 1063 3424 duae·

88 3463 161 3506 rens
184 3446 284 3524 lugam
299 3449 482 3514 incluserit?
515 3448 592 3508 Illud
614 3465 687 3509 vero
705 3448 772 3522 quis
794 3447 910 3514 nescitl
932 3442 963 3505 di
