2364 3840
296 159 437 255 nurus.
454 195 615 268 ounusr.
637 197 744 257 uer.
767 208 791 259 2.
805 207 830 259 a.
988 200 1048 263 165

72 346 164 407 debet
178 346 257 404 enim
272 361 325 404 aer
340 352 476 405 nontam
492 346 614 421 spissus
629 363 715 417 esse,
732 357 763 408 ut
775 350 919 411 excludat
930 367 965 410 ac
977 354 1048 412 sub·

72 437 195 493 moveat
211 445 229 488 a
246 444 281 488 se
296 430 395 488 lumen
413 429 587 502 inmissum,
606 448 662 491 nec
679 440 738 491 tam
754 433 853 491 tenuis
868 449 904 493 ac
920 435 1048 508 solutus,

72 523 104 575 ut
123 512 239 573 nullam
261 509 453 572 venientibus
474 512 568 573 radiis
591 530 707 573 moram
726 516 880 589 praebeat.
903 517 979 576 haec
994 536 1047 576 no-

74 597 172 658 ctibus
195 600 398 670 temperatura
421 597 580 671 contingit,
610 614 677 657 cum
700 599 802 658 sidera
824 599 1049 661 circumiectum

76 685 146 742 aera
161 680 232 740 luce
245 679 306 738 levi
323 694 383 737 non
400 681 578 753 pugnaciter
593 698 650 741 nec
665 698 776 755 aspere
794 684 905 744 leriunt
919 686 1049 758 spissio-

72 778 217 838 remque‚
241 778 333 837 quarn
347 765 425 821 solet
439 778 510 822 esse
524 764 668 836 interdiu,
691 766 836 826 inficiunt.
1018 758 1021 763 ’

136 847 188 906 111.
211 847 251 904 At
264 852 368 905 contra
383 861 496 906 arcus
514 856 603 908 nocte
614 865 674 909 non
687 848 720 909 fit
732 858 783 909 aut
794 852 957 912 admodum
970 869 1048 926 raro,
1064 871 1077 923 1

74 932 148 1009 quia
167 930 243 990 luna
254 946 313 989 non
329 928 420 988 habet
434 936 547 989 tantum
564 932 687 1003 virium,
710 940 742 991 ut
758 935 854 994 nubes
872 944 1007 996 transeat
1022 944 1051 996 et

73 1015 133 1077 iliis
156 1015 289 1074 colorem
310 1013 489 1086 sublundat,
520 1016 638 1089 qualem
663 1015 815 1090 accipiunt
837 1020 903 1081 sole
926 1019 1050 1093 perstri-

75 1108 152 1161 ctae.
180 1096 226 1156 sic
252 1097 330 1155 enim
358 1097 485 1156 formam
507 1113 596 1156 arcus
618 1098 779 1157 discoloris
802 1101 952 1174 efficiunt,
980 1104 1051 1177 quia

73 1183 154 1242 aliae
169 1188 272 1255 partes
287 1180 316 1239 in
333 1180 464 1240 nubibus
480 1180 658 1241 tumidiores
675 1190 758 1251 sunt,
782 1183 860 1243 aliae
872 1185 1051 1245 submissio

73 1282 125 1326 res
142 1272 173 1325 et
194 1264 344 1339 quaedam
362 1265 546 1339 crassiores,
571 1281 662 1340 quam
677 1272 710 1325 ut
731 1267 827 1324 solem
842 1269 1051 1340 transmittant,

74 1351 154 1410 aliae
170 1347 390 1421 inbecilliores,
413 1364 502 1423 quam
517 1357 550 1409 ut
562 1350 734 1408 excludant.
756 1349 833 1408 haec
849 1351 1051 1424 inaequalitas

75 1433 201 1494 alternis
229 1433 326 1491 lucem
352 1431 551 1506 umbramque
575 1433 737 1506 permiscet
759 1440 788 1492 et
809 1435 950 1508 exprimit
971 1433 1051 1493 illam

74 1515 243 1577 mirabilem
266 1531 355 1575 arcus
383 1515 567 1575 varietatem.
607 1518 711 1575 Altera
737 1533 830 1576 causa
856 1534 946 1577 arcus
973 1519 1080 1584 eius-a

75 1599 161 1662 modi
182 1599 333 1658 redditur:
360 1598 515 1672 videmus,
537 1616 604 1659 cum
625 1600 727 1660 fistula
749 1602 851 1675 aliquo
873 1604 942 1662 loco
963 1609 1052 1676 rupta

75 1691 141 1757 est,
163 1698 274 1757 aquam
289 1698 344 1757 per
359 1688 448 1742 tenue
464 1684 598 1742 loramen
615 1685 699 1755 elidi,
725 1701 804 1758 quae
822 1702 931 1760 sparsa
947 1692 1053 1745 contra

76 1769 176 1829 solem
198 1765 320 1840 oblique
341 1768 473 1841 positum
489 1765 596 1825 faciem
612 1783 702 1825 arcus
718 1777 935 1842 repraesentat.
969 1769 1052 1828 Idem

75 1849 200 1913 videbis
215 1849 369 1923 accidere,
384 1849 412 1909 si
428 1850 550 1925 quando
567 1850 702 1910 volueris
714 1852 880 1911 observare
892 1854 1051 1912 fullonem:

78 1951 150 1997 cum
165 1949 202 1994 os
217 1948 298 2007 aqua
313 1932 440 2008 inplevit
455 1942 484 1993 et
501 1932 680 1993 vestimenta
694 1933 855 1994 tendiculis
873 1935 996 1993 diducta
1011 1937 1052 1992 le-

77 2020 156 2079 viter
177 2015 346 2091 adspergit,
373 2018 501 2092 adparet
522 2017 623 2076 varios
645 2017 694 2075 edi
716 2018 834 2077 colores
857 2016 886 2076 in
907 2017 958 2078 illo
982 2019 1054 2075 aere

78 2102 247 2176 adsperso,
270 2103 377 2174 quales
399 2101 513 2174 lulgere
532 2100 561 2160 in
579 2116 651 2159 arcu
667 2103 774 2160 solent.
811 2101 908 2161 Huius
923 2101 967 2159 rei
984 2109 1083 2162 cau-3

78 2201 146 2247 sam
160 2184 192 2242 in
206 2184 333 2244 humore
348 2199 419 2243 esse
433 2200 469 2242 ne
482 2183 679 2244 dubitaveris.
702 2199 760 2242 non
774 2186 806 2245 frt
818 2186 897 2243 enim
911 2200 1054 2260 umquam

78 2266 253 2329 arcus'nisi
278 2267 390 2326 nubilo.
423 2269 479 2326 sed
502 2270 685 2341 quaeramus
713 2269 968 2342 quemadmodum
993 2268 1054 2326 liat.

79 2351 210 2427 Quidam
232 2350 314 2410 aiunt
335 2365 406 2410 esse
427 2351 529 2424 aliqua
548 2351 715 2422 stillicidia,
739 2369 818 2427 quae
839 2350 934 2412 soleni
956 2361 1053 2413 trans-

79 2437 212 2506 mittant,
237 2434 386 2508 quaedam
407 2435 504 2508 magis
525 2441 644 2506 coacta,
670 2451 758 2508 quarn
782 2443 814 2494 ut
833 2438 1054 2494 transluceant:

80 2521 185 2594 itaque
206 2518 245 2576 ab
269 2517 326 2578 illis
350 2519 498 2591 fulgorem
524 2519 625 2590 reddi,
655 2517 693 2587 ab
715 2517 762 2576 his
783 2519 934 2588 umbram,
961 2523 990 2574 et
1010 2516 1056 2574 sic

80 2603 243 2675 utriusque
266 2599 447 2661 intercursu·
460 2601 540 2660 ellici
560 2617 678 2672 arcum,
707 2602 816 2674 inquo
840 2616 912 2674 pars
933 2599 1056 2671 fulgeat,

82 2700 164 2761 quae
185 2685 281 2744 solem
302 2684 425 2758 recipit,
448 2701 519 2758 pars
534 2684 693 2743 obscurior
709 2685 761 2755 sit,
785 2699 864 2758 quae
879 2681 1013 2740 excludit
1028 2689 1057 2740 et

82 2785 121 2829 ex
142 2783 178 2827 se
200 2767 336 2827 umbram
359 2768 506 2842 proximis
528 2769 608 2827 lacit.
642 2767 708 2825 Hoc
726 2768 766 2826 ita
781 2782 852 2828 esse
868 2765 990 2838 quidam
1005 2777 1085 2829 nec

83 2859 165 2927 gant.
198 2858 318 2926 poterat
339 2850 419 2910 enim
440 2851 535 2910 videri
559 2867 676 2922 verum,
698 2850 724 2909 si
745 2865 834 2909 arcus
850 2850 928 2910 duos
944 2856 1058 2908 tantum

83 2935 210 2995 haberet
231 2935 366 3007 coloreS,
390 2933 416 2993 si
438 2950 477 2993 ex
494 2935 605 2994 iumine
619 2933 787 3006 umbraque
803 2940 964 2994 constaret.
1002 2932 1056 2991 sed

83 3034 165 3079 nunc

281 3103 391 3160 diuersi
404 3104 517 3161 niteant
528 3117 595 3160 cum
610 3104 688 3161 mille
702 3104 821 3172 colores,

125 3186 270 3244 transitus
283 3187 346 3259 epse
360 3192 456 3244 tumen
471 3187 634 3259 spectantia
649 3188 760 3244 luminu
772 3185 871 3257 follit:

125 3284 218 3343 usque
232 3267 308 3328 adeo
322 3269 402 3341 quod
414 3272 507 3342 tonpt‘t
519 3269 596 3327 idem
610 3275 666 3340 eat,
689 3276 785 3328 tomen
800 3271 902 3328 ultimo
917 3267 1032 3324 distant.

85 3347 234 3410 Videmus
249 3350 278 3408 in
294 3365 331 3410 eo
346 3349 458 3425 aliquid
475 3351 620 3424 flammei,
639 3350 753 3425 aliquid
765 3351 850 3422 lutei,
866 3348 978 3422 aliquid
993 3361 1060 3404 cae-

85 3433 161 3492 rulei
176 3441 207 3494 et
224 3432 284 3491 alia
298 3433 326 3492 in
344 3434 479 3507 picturae
491 3435 614 3493 modum
626 3434 785 3494 subtilibus
799 3433 885 3491 lineis
898 3432 1003 3497 ducta,
1020 3435 1060 3497 ut,
