2364 3840
296 164 348 224 mr
367 163 676 241 ennarrcnsma.
693 166 745 225 rv.
766 174 901 230 ar-as.
1043 167 1085 233 81

104 323 219 395 negati
233 316 290 376 scd
305 313 378 374 nihil
393 313 476 374 aliud
490 315 627 386 invenio,
644 330 699 389 per
714 316 798 389 quod
810 317 1022 390 cogitationem
1038 335 1084 377 re·

104 418 187 478 gam.
218 401 269 460 his
288 400 404 459 veritas
429 398 502 456 mihi
523 396 660 472 vestigiis
683 400 842 473 sequenda
864 407 920 458 est.
955 402 1084 461 certiora

103 502 167 546 non
180 485 291 544 habeo.
320 483 398 542 haec
418 489 452 542 ut
468 497 559 555 quam
574 480 805 554 diligentissime
820 483 993 556 aestimem,
1011 500 1083 559 ope-

103 586 170 629 ram
195 568 276 627 dabo
303 582 360 626 nec
385 565 444 624 cito
462 563 523 624 iilis
544 564 708 623 adsentiar.
742 564 793 624 Sic
814 566 894 626 enim
916 566 946 625 iu
968 569 1086 642 proelio
1099 575 1129 627 2-

103 658 209 728 potest
223 651 378 722 accidere,
397 656 430 708 ut
444 649 537 708 tetum
558 664 659 707 meum
680 649 710 707 in
732 651 956 710 conmilitonem
974 668 1083 712 manus

104 736 216 810 dirigat
229 735 334 808 aliquo
355 748 460 792 errore
474 733 605 807 decepta
620 740 650 793 et
663 732 743 793 hosti
759 742 914 809 tamquam
928 751 997 795 meo
1013 752 1084 810 par-

103 836 180 881 cam.
205 818 262 879 sed
273 817 333 877 hoc
348 822 378 876 et
390 832 461 875 raro
477 816 595 875 accidet
605 824 635 876 et
649 832 710 876 non
724 816 795 878 vitio
807 834 891 893 meo,
911 819 997 878 cuius
1012 837 1083 895 pro·

102 903 238 980 positum
253 907 299 960 est
313 901 433 961 hostem
449 899 555 972 ferire,
572 901 669 960 civem
681 901 857 961 defendere.
880 901 913 962 Si
929 903 1024 963 sciam
1038 905 1082 964 in-

101 994 221 1063 gratum
237 1001 326 1056 esse,
348 999 409 1042 non
427 981 507 1041 dabo
525 982 717 1043 beneficium.
752 987 813 1059 „At
827 987 979 1061 obrepsit,
995 996 1025 1047 at
1039 986 1082 1047 in-

102 1070 237 1146 posuit.“
267 1069 355 1127 Nulla
375 1066 425 1126 hic
447 1067 538 1140 culpa
555 1066 715 1126 tribuentis
741 1073 803 1138 cst,
832 1070 904 1143 quia
927 1078 1082 1146 tamquam

101 1162 189 1229 grato
216 1151 297 1212 dedi.
342 1150 406 1224 „Si
432 1150 681 1225 promiseris,
707 1150 820 1225 inquit,
846 1159 882 1211 te
908 1153 1113 1219 daturum3

100 1236 341 1298 beneficium
366 1242 402 1294 et
426 1240 571 1309 postea
596 1233 788 1308 ingratum
814 1236 955 1295 scieris
983 1254 1081 1310 esse,

101 1321 215 1381 dabis
230 1335 274 1378 an
291 1324 385 1378 nont
417 1317 449 1377 Si
467 1316 558 1389 iacis,
581 1318 682 1377 sciens
706 1333 833 1392 peccas:
858 1319 914 1377 das
938 1320 1018 1378 enim
1033 1322 1082 1379 cui

100 1421 164 1465 non
186 1403 283 1463 debes
305 1402 388 1461 darc.
420 1403 446 1461 si
469 1417 580 1475 negem,
609 1408 639 1460 et
658 1402 718 1462 hoc
738 1402 831 1462 modo
853 1417 982 1477 peccas,
1010 1404 1082 1478 quia

100 1504 162 1548 non
184 1487 302 1558 desei,
324 1486 372 1545 cui
394 1486 569 1560 promisisti.
600 1486 787 1545 conscientia
807 1493 911 1545 vestra
929 1485 989 1545 hoc
1011 1487 1081 1547 loco

99 1571 209 1632 titubat
224 1576 254 1628 et
267 1570 340 1629 illud
356 1568 522 1644 superbum
543 1570 748 1642 promissum,
771 1587 937 1644 numquam
959 1571 1080 1644 sapien·

100 1662 161 1715 tem
175 1652 247 1713 iacti
260 1653 308 1712 sui
319 1654 478 1727 poenitere
489 1669 545 1711 nec
560 1669 703 1727 umquam
720 1655 884 1713 emendare
901 1655 985 1729 quod
1001 1655 1080 1714 iece-

97 1739 137 1798 rit
153 1743 342 1797 necmutare
357 1736 548 1799 consiliunr.“
578 1737 655 1795 Non
676 1745 792 1796 mutat
813 1738 974 1811 sapiens
991 1746 1113 1801 con-4

99 1822 230 1881 silium
256 1820 433 1880 omnibus
460 1819 518 1877 his
542 1820 806 1893 manentibus,
833 1837 934 1894 quae
959 1830 1079 1898 erant,

98 1920 170 1964 cum
195 1910 338 1963 sumeret.
377 1903 448 1963 ideo
474 1918 640 1975 numquam
665 1901 747 1961 illum
776 1903 963 1976 poenitentia
987 1904 1078 1978 subit,

98 1987 173 2064 quia
187 1987 261 2047 nihil
274 1987 382 2046 melius
398 1985 449 2046 itio
464 1993 602 2059 tempore
616 1985 683 2044 fieri
697 1986 808 2058 potnit,
830 2003 921 2060 quam
937 1988 1048 2060 quodi
1066 2020 1078 2029 -

96 2080 179 2133 ctum
201 2077 263 2144 cst,
286 2069 359 2129 nihil
374 2071 482 2129 melius
499 2066 654 2142 constitui,
674 2085 765 2143 qnam
781 2070 867 2146 quod
883 2070 1078 2130 constitutum

95 2163 153 2216 est.
187 2161 355 2214 ceterum
380 2155 426 2212 ad
449 2148 578 2212 oninia
600 2169 679 2212 cum
702 2152 936 2229 exceptione
955 2153 1077 2214 venit:

94 2236 241 2300 sinihil
263 2237 465 2310 inciderit,
490 2236 592 2311 quod
614 2236 800 2310 inpediat.
834 2237 903 2296 ideo
922 2239 1023 2298 omnia
1036 2235 1079 2298 illi

93 2320 267 2383 succedere
293 2320 423 2381 dicimus
449 2328 478 2380 et
500 2319 573 2379 nihil
599 2328 704 2380 contra
729 2320 903 2395 opinionem
928 2323 1077 2396 accidere,

94 2407 169 2481 quia
193 2405 362 2480 praesumit
384 2406 483 2464 animo
511 2419 608 2478 posse
630 2403 746 2479 aliquid
770 2403 966 2478 intervenire,
994 2406 1079 2480 quod

92 2489 247 2549 destinata
267 2488 435 2563 prohibeat.
470 2487 698 2562 Inprudentium
720 2489 779 2547 ista
800 2488 912 2546 fiducia
926 2494 973 2545 est
987 2489 1110 2548 tortu-5

92 2589 167 2633 nam
182 2572 240 2632 sibi
256 2572 429 2646 spondere:
458 2571 583 2646 sapiens
598 2580 758 2645 utramque
778 2579 893 2645 partem
913 2572 978 2629 eius
996 2571 1077 2644 cogi-

93 2664 146 2717 tat.
170 2657 227 2717 scit
239 2664 385 2730 quantum
399 2656 489 2715 liceat
503 2656 613 2728 errori,
628 2671 719 2729 quam
732 2654 847 2712 incerta
863 2654 923 2712 sint
934 2653 1076 2726 humana,

92 2756 199 2816 quam·
210 2740 304 2799 multa
325 2738 461 2799 consiliis
477 2740 606 2798 obstent.
639 2735 801 2810 ancipitem
818 2753 919 2797 rerum
935 2753 971 2795 ac
984 2738 1076 2798 lubri-

92 2839 163 2885 cam
186 2829 300 2884 sortem
322 2839 496 2897 suspensus
517 2820 656 2896 seqnitur
673 2827 703 2879 et
719 2818 855 2881 consiliis
874 2822 963 2881 certis
979 2823 1076 2882 incer-

89 2914 142 2967 tos
165 2914 294 2967 eventus
321 2909 495 2985 [expendet
528 2905 677 2979 Exceptio
694 2913 810 2977 autem,
832 2903 898 2964 sine
920 2922 981 2979 qua
1002 2906 1075 2965 nihil

91 2990 239 3062 destinat,
262 2989 334 3050 nihii
351 2991 532 3065 ingreditur,
555 2989 647 3047 ethic
662 2989 744 3047 iilum
761 2996 870 3049 tuetur.

152 3073 274 3133 XXXV.
306 3074 435 3134 Promisi
460 3073 659 3146 beneficium,
684 3073 743 3132 nisi
769 3073 795 3133 si
823 3072 897 3149 quid
916 3073 1106 3135 incidissetl

90 3173 188 3232 quare
204 3174 265 3217 non
281 3157 425 3217 deberem
440 3158 524 3216 dare.
557 3157 632 3229 quid
648 3157 743 3227 enim,
766 3158 808 3229 si,
831 3159 914 3232 quod
929 3156 970 3215 illi
987 3156 1075 3231 poili-

89 3241 169 3302 citus
186 3257 262 3314 sum,
280 3241 376 3315 patria
390 3241 448 3300 sibi
464 3242 539 3300 dare
554 3240 697 3300 iusserit?
725 3239 751 3300 si
765 3244 816 3300 lex
830 3243 892 3299 iata
907 3239 970 3313 erit,
987 3256 1026 3298 ne
1042 3240 1074 3298 id

89 3325 254 3401 quisquam
270 3323 368 3396 iaciat,
400 3325 484 3399 quod
500 3338 557 3396 ego
575 3338 622 3380 me
637 3324 735 3385 amico
751 3339 819 3383 meo
836 3324 986 3383 iacturum
1001 3338 1072 3396 pro·

87 3407 254 3469 miseram?
287 3407 417 3468 Promisi
443 3406 497 3468 tibi
523 3405 615 3465 filiam
640 3407 669 3466 in
696 3404 929 3466 matrimonium.
962 3410 1072 3479 postea

126 3508 315 3552 senncarrru.
334 3495 367 3551 II.
844 3495 862 3542 6
