<?xml version="1.0" encoding="UTF-8"?>
<!DOCTYPE html PUBLIC "-//W3C//DTD XHTML 1.0 Transitional//EN"
    "http://www.w3.org/TR/xhtml1/DTD/xhtml1-transitional.dtd">
<html xmlns="http://www.w3.org/1999/xhtml" xml:lang="en" lang="en">
 <head>
  <title>
</title>
<meta http-equiv="Content-Type" content="text/html;charset=utf-8" />
  <meta name='ocr-system' content='tesseract 3.04.00' />
  <meta name='ocr-capabilities' content='ocr_page ocr_carea ocr_par ocr_line ocrx_word'/>
</head>
<body>
  <div class='ocr_page' id='page_1' title='image "./lannaeisenecaeo01senegoog_0243.png"; bbox 0 0 2364 3840; ppageno 0'>
   <div class='ocr_carea' id='block_1_1' title="bbox 120 165 790 235">
    <p class='ocr_par' dir='ltr' id='par_1_1' title="bbox 120 165 790 235">
     <span class='ocr_line' id='line_1_1' title="bbox 120 165 790 235; baseline -0.012 -1"><span class='ocrx_word' id='word_1_1' title='bbox 120 168 184 235; x_wconf 71' lang='lat'>21⁰</span> <span class='ocrx_word' id='word_1_2' title='bbox 390 169 424 227; x_wconf 92' lang='lat' dir='ltr'>L.</span> <span class='ocrx_word' id='word_1_3' title='bbox 445 167 592 226; x_wconf 80' lang='lat' dir='ltr'>ANNAEI</span> <span class='ocrx_word' id='word_1_4' title='bbox 616 165 790 227; x_wconf 77' lang='lat' dir='ltr'>SENECAE</span> 
     </span>
    </p>
   </div>
   <div class='ocr_carea' id='block_1_2' title="bbox 20 318 1132 3480">
    <p class='ocr_par' dir='ltr' id='par_1_2' title="bbox 20 318 1132 3480">
     <span class='ocr_line' id='line_1_2' title="bbox 120 318 1095 395; baseline -0.001 -14"><span class='ocrx_word' id='word_1_5' title='bbox 120 321 164 381; x_wconf 91' lang='lat' dir='ltr'>dit</span> <span class='ocrx_word' id='word_1_6' title='bbox 181 328 211 381; x_wconf 91' lang='lat' dir='ltr'>et</span> <span class='ocrx_word' id='word_1_7' title='bbox 226 319 305 395; x_wconf 82' lang='lat' dir='ltr'>ignis</span> <span class='ocrx_word' id='word_1_8' title='bbox 320 321 349 379; x_wconf 94' lang='lat' dir='ltr'>in</span> <span class='ocrx_word' id='word_1_9' title='bbox 365 318 526 394; x_wconf 83' lang='lat' dir='ltr'><strong>superiora</strong></span> <span class='ocrx_word' id='word_1_10' title='bbox 542 318 644 379; x_wconf 87' lang='lat' dir='ltr'>nititur</span> <span class='ocrx_word' id='word_1_11' title='bbox 660 326 689 378; x_wconf 89' lang='lat' dir='ltr'>et</span> <span class='ocrx_word' id='word_1_12' title='bbox 702 318 734 379; x_wconf 94' lang='lat' dir='ltr'>in</span> <span class='ocrx_word' id='word_1_13' title='bbox 748 320 894 381; x_wconf 82' lang='lat' dir='ltr'>inferiora</span> <span class='ocrx_word' id='word_1_14' title='bbox 907 320 1095 394; x_wconf 78' lang='lat' dir='ltr'><strong>deprimitur.</strong></span> 
     </span>
     <span class='ocr_line' id='line_1_3' title="bbox 87 402 1095 478; baseline -0.002 -13"><span class='ocrx_word' id='word_1_15' title='bbox 87 404 245 478; x_wconf 74' lang='lat' dir='ltr'>b‚,9uare</span> <span class='ocrx_word' id='word_1_16' title='bbox 266 404 441 478; x_wconf 80' lang='lat' dir='ltr'>frequenter</span> <span class='ocrx_word' id='word_1_17' title='bbox 463 404 621 463; x_wconf 83' lang='lat' dir='ltr'>cacumina</span> <span class='ocrx_word' id='word_1_18' title='bbox 641 404 786 463; x_wconf 90' lang='lat' dir='ltr'>montium</span> <span class='ocrx_word' id='word_1_19' title='bbox 807 402 1004 463; x_wconf 77' lang='lat' dir='ltr'>feriunturt“</span> <span class='ocrx_word' id='word_1_20' title='bbox 1026 405 1095 477; x_wconf 91' lang='lat' dir='ltr'>quia</span> 
     </span>
     <span class='ocr_line' id='line_1_4' title="bbox 121 485 1096 561; baseline -0.004 -12"><span class='ocrx_word' id='word_1_21' title='bbox 121 488 265 561; x_wconf 86' lang='lat' dir='ltr'>opposito</span> <span class='ocrx_word' id='word_1_22' title='bbox 287 495 359 546; x_wconf 89' lang='lat' dir='ltr'>sunt</span> <span class='ocrx_word' id='word_1_23' title='bbox 383 487 513 546; x_wconf 91' lang='lat' dir='ltr'>nubibus</span> <span class='ocrx_word' id='word_1_24' title='bbox 536 493 567 545; x_wconf 92' lang='lat' dir='ltr'>et</span> <span class='ocrx_word' id='word_1_25' title='bbox 590 501 608 545; x_wconf 96' lang='lat' dir='ltr'>e</span> <span class='ocrx_word' id='word_1_26' title='bbox 631 486 718 548; x_wconf 89' lang='lat' dir='ltr'>coelo</span> <span class='ocrx_word' id='word_1_27' title='bbox 739 485 919 547; x_wconf 79' lang='lat' dir='ltr'>cadentibus</span> <span class='ocrx_word' id='word_1_28' title='bbox 943 502 1000 561; x_wconf 90' lang='lat' dir='ltr'>per</span> <span class='ocrx_word' id='word_1_29' title='bbox 1021 486 1096 546; x_wconf 92' lang='lat' dir='ltr'>baec</span> 
     </span>
     <span class='ocr_line' id='line_1_5' title="bbox 120 570 417 631; baseline 0.003 -1"><span class='ocrx_word' id='word_1_30' title='bbox 120 570 339 630; x_wconf 85' lang='lat' dir='ltr'>transeundum</span> <span class='ocrx_word' id='word_1_31' title='bbox 360 579 417 631; x_wconf 82' lang='lat' dir='ltr'>est</span> 
     </span>
     <span class='ocr_line' id='line_1_6' title="bbox 89 650 1093 727; baseline -0.006 -11"><span class='ocrx_word' id='word_1_32' title='bbox 89 665 104 716; x_wconf 93' lang='lat'><em>1</em></span> <span class='ocrx_word' id='word_1_33' title='bbox 180 654 255 714; x_wconf 83' lang='lat' dir='ltr'>ttx.</span> <span class='ocrx_word' id='word_1_34' title='bbox 273 653 432 727; x_wconf 85' lang='lat' dir='ltr'><strong>Intellego,</strong></span> <span class='ocrx_word' id='word_1_35' title='bbox 446 653 517 727; x_wconf 91' lang='lat' dir='ltr'>quid</span> <span class='ocrx_word' id='word_1_36' title='bbox 531 654 644 714; x_wconf 93' lang='lat' dir='ltr'>dudum</span> <span class='ocrx_word' id='word_1_37' title='bbox 657 652 830 725; x_wconf 80' lang='lat' dir='ltr'>desideres,</span> <span class='ocrx_word' id='word_1_38' title='bbox 844 652 920 726; x_wconf 90' lang='lat' dir='ltr'>quid</span> <span class='ocrx_word' id='word_1_39' title='bbox 934 650 1093 726; x_wconf 79' lang='lat' dir='ltr'>efflagites.</span> 
     </span>
     <span class='ocr_line' id='line_1_7' title="bbox 121 736 1095 812; baseline -0.003 -16"><span class='ocrx_word' id='word_1_40' title='bbox 121 738 252 811; x_wconf 63' lang='lat' dir='ltr'>„Mola</span> <span class='ocrx_word' id='word_1_41' title='bbox 272 738 388 812; x_wconf 88' lang='lat' dir='ltr'>inquis,</span> <span class='ocrx_word' id='word_1_42' title='bbox 409 736 570 796; x_wconf 82' lang='lat' dir='ltr'>fulmina</span> <span class='ocrx_word' id='word_1_43' title='bbox 590 752 664 795; x_wconf 92' lang='lat' dir='ltr'>non</span> <span class='ocrx_word' id='word_1_44' title='bbox 683 736 819 795; x_wconf 87' lang='lat' dir='ltr'>timere</span> <span class='ocrx_word' id='word_1_45' title='bbox 840 750 950 810; x_wconf 91' lang='lat' dir='ltr'>quam</span> <span class='ocrx_word' id='word_1_46' title='bbox 967 751 1095 796; x_wconf 90' lang='lat' dir='ltr'>nosse.</span> 
     </span>
     <span class='ocr_line' id='line_1_8' title="bbox 120 817 1094 896; baseline -0.001 -16"><span class='ocrx_word' id='word_1_47' title='bbox 120 823 224 895; x_wconf 86' lang='lat' dir='ltr'>itaque</span> <span class='ocrx_word' id='word_1_48' title='bbox 238 822 315 880; x_wconf 85' lang='lat' dir='ltr'>alios</span> <span class='ocrx_word' id='word_1_49' title='bbox 332 821 425 891; x_wconf 89' lang='lat' dir='ltr'>doce,</span> <span class='ocrx_word' id='word_1_50' title='bbox 441 820 697 896; x_wconf 81' lang='lat' dir='ltr'>quemadmodum</span> <span class='ocrx_word' id='word_1_51' title='bbox 712 818 800 879; x_wconf 78' lang='lat' dir='ltr'>liant:</span> <span class='ocrx_word' id='word_1_52' title='bbox 823 833 882 893; x_wconf 80' lang='lat' dir='ltr'>ego</span> <span class='ocrx_word' id='word_1_53' title='bbox 897 817 971 877; x_wconf 89' lang='lat' dir='ltr'>mihi</span> <span class='ocrx_word' id='word_1_54' title='bbox 985 826 1094 879; x_wconf 91' lang='lat' dir='ltr'>metum</span> 
     </span>
     <span class='ocr_line' id='line_1_9' title="bbox 87 900 1096 978; baseline -0.004 -12"><span class='ocrx_word' id='word_1_55' title='bbox 87 915 105 966; x_wconf 69' lang='lat' dir='ltr'>n</span> <span class='ocrx_word' id='word_1_56' title='bbox 119 904 237 964; x_wconf 91' lang='lat' dir='ltr'>illorum</span> <span class='ocrx_word' id='word_1_57' title='bbox 250 905 350 963; x_wconf 83' lang='lat' dir='ltr'>excuti</span> <span class='ocrx_word' id='word_1_58' title='bbox 362 903 450 975; x_wconf 91' lang='lat' dir='ltr'>volo,</span> <span class='ocrx_word' id='word_1_59' title='bbox 463 920 521 963; x_wconf 90' lang='lat' dir='ltr'>non</span> <span class='ocrx_word' id='word_1_60' title='bbox 535 909 672 962; x_wconf 87' lang='lat' dir='ltr'>naturam</span> <span class='ocrx_word' id='word_1_61' title='bbox 684 902 842 963; x_wconf 85' lang='lat' dir='ltr'>indicarl.“</span> <span class='ocrx_word' id='word_1_62' title='bbox 857 900 1011 976; x_wconf 87' lang='lat' dir='ltr'>Sequar</span> <span class='ocrx_word' id='word_1_63' title='bbox 1024 920 1096 978; x_wconf 91' lang='lat' dir='ltr'>quo</span> 
     </span>
     <span class='ocr_line' id='line_1_10' title="bbox 119 983 1094 1061; baseline 0 -17"><span class='ocrx_word' id='word_1_64' title='bbox 119 1002 165 1045; x_wconf 91' lang='lat' dir='ltr'>vo</span> <span class='ocrx_word' id='word_1_65' title='bbox 174 1002 253 1045; x_wconf 86' lang='lat' dir='ltr'>cas:</span> <span class='ocrx_word' id='word_1_66' title='bbox 269 986 410 1046; x_wconf 90' lang='lat' dir='ltr'>omnibus</span> <span class='ocrx_word' id='word_1_67' title='bbox 422 987 502 1046; x_wconf 93' lang='lat' dir='ltr'>enim</span> <span class='ocrx_word' id='word_1_68' title='bbox 513 987 606 1047; x_wconf 89' lang='lat' dir='ltr'>rebus</span> <span class='ocrx_word' id='word_1_69' title='bbox 619 985 823 1061; x_wconf 87' lang='lat' dir='ltr'>omnibusque</span> <span class='ocrx_word' id='word_1_70' title='bbox 835 983 1034 1046; x_wconf 85' lang='lat' dir='ltr'>sermonibus</span> <span class='ocrx_word' id='word_1_71' title='bbox 1045 987 1094 1045; x_wconf 84' lang='lat' dir='ltr'>ali·</span> 
     </span>
     <span class='ocr_line' id='line_1_11' title="bbox 121 1069 1092 1153; baseline -0.001 -25"><span class='ocrx_word' id='word_1_72' title='bbox 121 1070 194 1144; x_wconf 93' lang='lat' dir='ltr'>quid</span> <span class='ocrx_word' id='word_1_73' title='bbox 209 1070 342 1130; x_wconf 80' lang='lat' dir='ltr'>salutare</span> <span class='ocrx_word' id='word_1_74' title='bbox 356 1069 547 1130; x_wconf 89' lang='lat' dir='ltr'>miscendum</span> <span class='ocrx_word' id='word_1_75' title='bbox 562 1078 618 1131; x_wconf 87' lang='lat' dir='ltr'>est.</span> <span class='ocrx_word' id='word_1_76' title='bbox 643 1070 715 1128; x_wconf 86' lang='lat' dir='ltr'>Cum</span> <span class='ocrx_word' id='word_1_77' title='bbox 736 1070 816 1129; x_wconf 89' lang='lat' dir='ltr'>imus</span> <span class='ocrx_word' id='word_1_78' title='bbox 836 1084 892 1143; x_wconf 89' lang='lat' dir='ltr'>per</span> <span class='ocrx_word' id='word_1_79' title='bbox 905 1069 1031 1153; x_wconf 83' lang='lat' dir='ltr'>occulta</span> <span class='ocrx_word' id='word_1_80' title='bbox 1045 1085 1092 1127; x_wconf 94' lang='lat' dir='ltr'>na-</span> 
     </span>
     <span class='ocr_line' id='line_1_12' title="bbox 119 1152 1096 1226; baseline 0 -14"><span class='ocrx_word' id='word_1_81' title='bbox 119 1159 218 1224; x_wconf 90' lang='lat' dir='ltr'>turae,</span> <span class='ocrx_word' id='word_1_82' title='bbox 234 1169 303 1213; x_wconf 88' lang='lat' dir='ltr'>cum</span> <span class='ocrx_word' id='word_1_83' title='bbox 315 1152 419 1213; x_wconf 91' lang='lat' dir='ltr'>divina</span> <span class='ocrx_word' id='word_1_84' title='bbox 433 1160 612 1226; x_wconf 72' lang='lat' dir='ltr'>mactamus,</span> <span class='ocrx_word' id='word_1_85' title='bbox 625 1152 830 1212; x_wconf 86' lang='lat' dir='ltr'>vindicandus</span> <span class='ocrx_word' id='word_1_86' title='bbox 840 1160 919 1213; x_wconf 84' lang='lat' dir='ltr'>esta</span> <span class='ocrx_word' id='word_1_87' title='bbox 930 1153 1021 1213; x_wconf 85' lang='lat' dir='ltr'>malis</span> <span class='ocrx_word' id='word_1_88' title='bbox 1033 1152 1096 1213; x_wconf 89' lang='lat' dir='ltr'>suis</span> 
     </span>
     <span class='ocr_line' id='line_1_13' title="bbox 120 1235 1096 1310; baseline 0 -15"><span class='ocrx_word' id='word_1_89' title='bbox 120 1236 240 1297; x_wconf 89' lang='lat' dir='ltr'>animus</span> <span class='ocrx_word' id='word_1_90' title='bbox 254 1254 290 1297; x_wconf 90' lang='lat' dir='ltr'>ac</span> <span class='ocrx_word' id='word_1_91' title='bbox 303 1236 433 1298; x_wconf 88' lang='lat' dir='ltr'>subinde</span> <span class='ocrx_word' id='word_1_92' title='bbox 444 1237 627 1310; x_wconf 88' lang='lat' dir='ltr'>firmandus,</span> <span class='ocrx_word' id='word_1_93' title='bbox 644 1236 727 1309; x_wconf 87' lang='lat' dir='ltr'>quod</span> <span class='ocrx_word' id='word_1_94' title='bbox 744 1235 836 1297; x_wconf 87' lang='lat' dir='ltr'>etiam</span> <span class='ocrx_word' id='word_1_95' title='bbox 850 1235 979 1295; x_wconf 87' lang='lat' dir='ltr'>eruditis</span> <span class='ocrx_word' id='word_1_96' title='bbox 995 1243 1027 1296; x_wconf 89' lang='lat' dir='ltr'>et</span> <span class='ocrx_word' id='word_1_97' title='bbox 1038 1236 1096 1296; x_wconf 90' lang='lat' dir='ltr'>hoc</span> 
     </span>
     <span class='ocr_line' id='line_1_14' title="bbox 119 1318 1097 1396; baseline -0.002 -15"><span class='ocrx_word' id='word_1_98' title='bbox 119 1338 211 1381; x_wconf 90' lang='lat' dir='ltr'>unum</span> <span class='ocrx_word' id='word_1_99' title='bbox 227 1320 388 1396; x_wconf 78' lang='lat' dir='ltr'>agentibus</span> <span class='ocrx_word' id='word_1_100' title='bbox 404 1320 610 1381; x_wconf 85' lang='lat' dir='ltr'>necessarium</span> <span class='ocrx_word' id='word_1_101' title='bbox 626 1326 687 1392; x_wconf 89' lang='lat' dir='ltr'>est,</span> <span class='ocrx_word' id='word_1_102' title='bbox 704 1334 764 1378; x_wconf 90' lang='lat' dir='ltr'>non</span> <span class='ocrx_word' id='word_1_103' title='bbox 779 1318 1008 1394; x_wconf 74' lang='lat' dir='ltr'>uteffugiamus</span> <span class='ocrx_word' id='word_1_104' title='bbox 1019 1319 1097 1379; x_wconf 89' lang='lat' dir='ltr'>ictus</span> 
     </span>
     <span class='ocr_line' id='line_1_15' title="bbox 119 1400 1095 1479; baseline -0.002 -16"><span class='ocrx_word' id='word_1_105' title='bbox 119 1420 235 1475; x_wconf 88' lang='lat' dir='ltr'>rerum,</span> <span class='ocrx_word' id='word_1_106' title='bbox 253 1405 389 1479; x_wconf 91' lang='lat' dir='ltr'>undique</span> <span class='ocrx_word' id='word_1_107' title='bbox 404 1405 482 1462; x_wconf 91' lang='lat' dir='ltr'>enim</span> <span class='ocrx_word' id='word_1_108' title='bbox 494 1404 593 1463; x_wconf 86' lang='lat' dir='ltr'>telain</span> <span class='ocrx_word' id='word_1_109' title='bbox 607 1420 664 1463; x_wconf 90' lang='lat' dir='ltr'>nos</span> <span class='ocrx_word' id='word_1_110' title='bbox 680 1400 845 1475; x_wconf 83' lang='lat' dir='ltr'>iaciuntur,</span> <span class='ocrx_word' id='word_1_111' title='bbox 862 1402 919 1463; x_wconf 89' lang='lat' dir='ltr'>sed</span> <span class='ocrx_word' id='word_1_112' title='bbox 933 1409 968 1463; x_wconf 86' lang='lat' dir='ltr'>ul</span> <span class='ocrx_word' id='word_1_113' title='bbox 982 1402 1095 1464; x_wconf 80' lang='lat' dir='ltr'>sortiter</span> 
     </span>
     <span class='ocr_line' id='line_1_16' title="bbox 86 1486 1096 1561; baseline -0.002 -14"><span class='ocrx_word' id='word_1_114' title='bbox 86 1502 105 1554; x_wconf 80' lang='lat'><strong>3</strong></span> <span class='ocrx_word' id='word_1_115' title='bbox 119 1496 150 1547; x_wconf 90' lang='lat' dir='ltr'>et</span> <span class='ocrx_word' id='word_1_116' title='bbox 160 1494 334 1547; x_wconf 76' lang='lat' dir='ltr'>constanter</span> <span class='ocrx_word' id='word_1_117' title='bbox 346 1487 503 1561; x_wconf 86' lang='lat' dir='ltr'>patiamur.</span> <span class='ocrx_word' id='word_1_118' title='bbox 520 1486 622 1546; x_wconf 89' lang='lat' dir='ltr'>invicti</span> <span class='ocrx_word' id='word_1_119' title='bbox 634 1501 706 1547; x_wconf 89' lang='lat' dir='ltr'>esse</span> <span class='ocrx_word' id='word_1_120' title='bbox 717 1502 902 1561; x_wconf 82' lang='lat' dir='ltr'>possumuS,</span> <span class='ocrx_word' id='word_1_121' title='bbox 919 1486 1096 1547; x_wconf 90' lang='lat' dir='ltr'>inconcussi</span> 
     </span>
     <span class='ocr_line' id='line_1_17' title="bbox 119 1569 1094 1647; baseline 0.002 -18"><span class='ocrx_word' id='word_1_122' title='bbox 119 1587 180 1630; x_wconf 93' lang='lat' dir='ltr'>non</span> <span class='ocrx_word' id='word_1_123' title='bbox 193 1586 376 1646; x_wconf 90' lang='lat' dir='ltr'>possumus,</span> <span class='ocrx_word' id='word_1_124' title='bbox 394 1585 579 1644; x_wconf 89' lang='lat' dir='ltr'>quamquam</span> <span class='ocrx_word' id='word_1_125' title='bbox 589 1569 709 1629; x_wconf 90' lang='lat' dir='ltr'>interim</span> <span class='ocrx_word' id='word_1_126' title='bbox 727 1585 802 1645; x_wconf 89' lang='lat' dir='ltr'>spes</span> <span class='ocrx_word' id='word_1_127' title='bbox 820 1569 918 1640; x_wconf 88' lang='lat' dir='ltr'>subit,</span> <span class='ocrx_word' id='word_1_128' title='bbox 934 1570 1094 1647; x_wconf 86' lang='lat' dir='ltr'>inconcus-</span> 
     </span>
     <span class='ocr_line' id='line_1_18' title="bbox 120 1653 1097 1731; baseline -0.004 -17"><span class='ocrx_word' id='word_1_129' title='bbox 120 1671 173 1714; x_wconf 91' lang='lat' dir='ltr'>sos</span> <span class='ocrx_word' id='word_1_130' title='bbox 194 1668 319 1728; x_wconf 92' lang='lat' dir='ltr'>quoque</span> <span class='ocrx_word' id='word_1_131' title='bbox 336 1668 408 1712; x_wconf 89' lang='lat' dir='ltr'>esse</span> <span class='ocrx_word' id='word_1_132' title='bbox 426 1669 484 1713; x_wconf 94' lang='lat' dir='ltr'>nos</span> <span class='ocrx_word' id='word_1_133' title='bbox 499 1668 605 1726; x_wconf 88' lang='lat' dir='ltr'>posse.</span> <span class='ocrx_word' id='word_1_134' title='bbox 628 1653 964 1727; x_wconf 77' lang='lat' dir='ltr'>„Quemadmodumt“</span> <span class='ocrx_word' id='word_1_135' title='bbox 984 1654 1097 1731; x_wconf 85' lang='lat' dir='ltr'>inquis.</span> 
     </span>
     <span class='ocr_line' id='line_1_19' title="bbox 120 1735 1095 1810; baseline -0.002 -14"><span class='ocrx_word' id='word_1_136' title='bbox 120 1738 284 1798; x_wconf 81' lang='lat' dir='ltr'>contemne</span> <span class='ocrx_word' id='word_1_137' title='bbox 311 1744 453 1797; x_wconf 76' lang='lat' dir='ltr'>mortemz</span> <span class='ocrx_word' id='word_1_138' title='bbox 486 1744 516 1796; x_wconf 90' lang='lat' dir='ltr'>et</span> <span class='ocrx_word' id='word_1_139' title='bbox 532 1735 648 1809; x_wconf 87' lang='lat' dir='ltr'>omnia,</span> <span class='ocrx_word' id='word_1_140' title='bbox 677 1752 756 1810; x_wconf 87' lang='lat' dir='ltr'>quae</span> <span class='ocrx_word' id='word_1_141' title='bbox 772 1738 809 1796; x_wconf 85' lang='lat' dir='ltr'>ad</span> <span class='ocrx_word' id='word_1_142' title='bbox 826 1743 956 1798; x_wconf 89' lang='lat' dir='ltr'>mortem</span> <span class='ocrx_word' id='word_1_143' title='bbox 971 1737 1095 1808; x_wconf 90' lang='lat' dir='ltr'>ducunt,</span> 
     </span>
     <span class='ocr_line' id='line_1_20' title="bbox 119 1820 1096 1896; baseline 0.001 -17"><span class='ocrx_word' id='word_1_144' title='bbox 119 1826 293 1896; x_wconf 85' lang='lat' dir='ltr'>contempta</span> <span class='ocrx_word' id='word_1_145' title='bbox 305 1828 390 1894; x_wconf 91' lang='lat' dir='ltr'>sunt,</span> <span class='ocrx_word' id='word_1_146' title='bbox 409 1820 475 1880; x_wconf 91' lang='lat' dir='ltr'>sive</span> <span class='ocrx_word' id='word_1_147' title='bbox 492 1821 654 1881; x_wconf 76' lang='lat' dir='ltr'>bellasunt</span> <span class='ocrx_word' id='word_1_148' title='bbox 665 1835 722 1880; x_wconf 89' lang='lat' dir='ltr'>seu</span> <span class='ocrx_word' id='word_1_149' title='bbox 734 1821 891 1894; x_wconf 83' lang='lat' dir='ltr'>naulragia</span> <span class='ocrx_word' id='word_1_150' title='bbox 903 1834 962 1881; x_wconf 90' lang='lat' dir='ltr'>seu</span> <span class='ocrx_word' id='word_1_151' title='bbox 973 1837 1096 1883; x_wconf 87' lang='lat' dir='ltr'>morsus</span> 
     </span>
     <span class='ocr_line' id='line_1_21' title="bbox 118 1902 1132 1980; baseline -0.001 -17"><span class='ocrx_word' id='word_1_152' title='bbox 118 1906 249 1964; x_wconf 92' lang='lat' dir='ltr'>lerarum</span> <span class='ocrx_word' id='word_1_153' title='bbox 274 1921 330 1965; x_wconf 88' lang='lat' dir='ltr'>seu</span> <span class='ocrx_word' id='word_1_154' title='bbox 355 1903 511 1966; x_wconf 90' lang='lat' dir='ltr'>ruinarum</span> <span class='ocrx_word' id='word_1_155' title='bbox 533 1904 633 1965; x_wconf 90' lang='lat' dir='ltr'>subito</span> <span class='ocrx_word' id='word_1_156' title='bbox 653 1905 744 1978; x_wconf 88' lang='lat' dir='ltr'>lapsu</span> <span class='ocrx_word' id='word_1_157' title='bbox 769 1902 996 1977; x_wconf 85' lang='lat' dir='ltr'>procidentium</span> <span class='ocrx_word' id='word_1_158' title='bbox 1019 1920 1095 1980; x_wconf 88' lang='lat' dir='ltr'>pon·</span> <span class='ocrx_word' id='word_1_159' title='bbox 1130 1970 1132 1975; x_wconf 15' lang='lat' dir='ltr'><em>A</em></span> 
     </span>
     <span class='ocr_line' id='line_1_22' title="bbox 89 1988 1093 2063; baseline -0.001 -14"><span class='ocrx_word' id='word_1_160' title='bbox 89 1988 202 2049; x_wconf 72' lang='lat' dir='ltr'>edera.</span> <span class='ocrx_word' id='word_1_161' title='bbox 224 1988 379 2063; x_wconf 90' lang='lat' dir='ltr'>Numquid</span> <span class='ocrx_word' id='word_1_162' title='bbox 393 1989 524 2063; x_wconf 86' lang='lat' dir='ltr'>amplius</span> <span class='ocrx_word' id='word_1_163' title='bbox 539 1990 641 2048; x_wconf 83' lang='lat' dir='ltr'>lacere</span> <span class='ocrx_word' id='word_1_164' title='bbox 661 1995 806 2061; x_wconf 90' lang='lat' dir='ltr'>possunt,</span> <span class='ocrx_word' id='word_1_165' title='bbox 823 2002 915 2060; x_wconf 82' lang='lat' dir='ltr'>quarn</span> <span class='ocrx_word' id='word_1_166' title='bbox 930 1994 964 2049; x_wconf 88' lang='lat' dir='ltr'>ut</span> <span class='ocrx_word' id='word_1_167' title='bbox 978 2002 1093 2063; x_wconf 90' lang='lat' dir='ltr'>corpus</span> 
     </span>
     <span class='ocr_line' id='line_1_23' title="bbox 118 2070 1094 2144; baseline -0.001 -14"><span class='ocrx_word' id='word_1_168' title='bbox 118 2071 157 2130; x_wconf 91' lang='lat' dir='ltr'>ab</span> <span class='ocrx_word' id='word_1_169' title='bbox 180 2070 280 2131; x_wconf 91' lang='lat' dir='ltr'>auimo</span> <span class='ocrx_word' id='word_1_170' title='bbox 297 2073 489 2131; x_wconf 72' lang='lat' dir='ltr'>resolvatur?</span> <span class='ocrx_word' id='word_1_171' title='bbox 516 2072 576 2132; x_wconf 91' lang='lat' dir='ltr'>hoc</span> <span class='ocrx_word' id='word_1_172' title='bbox 599 2072 683 2131; x_wconf 89' lang='lat' dir='ltr'>nulla</span> <span class='ocrx_word' id='word_1_173' title='bbox 703 2070 858 2144; x_wconf 84' lang='lat' dir='ltr'>diligentia</span> <span class='ocrx_word' id='word_1_174' title='bbox 879 2072 989 2142; x_wconf 85' lang='lat' dir='ltr'>evitat,</span> <span class='ocrx_word' id='word_1_175' title='bbox 1014 2072 1094 2130; x_wconf 90' lang='lat' dir='ltr'>nulla</span> 
     </span>
     <span class='ocr_line' id='line_1_24' title="bbox 120 2153 1093 2230; baseline 0.005 -20"><span class='ocrx_word' id='word_1_176' title='bbox 120 2154 248 2212; x_wconf 77' lang='lat' dir='ltr'>felicitas</span> <span class='ocrx_word' id='word_1_177' title='bbox 265 2153 373 2227; x_wconf 91' lang='lat' dir='ltr'>donat,</span> <span class='ocrx_word' id='word_1_178' title='bbox 386 2156 469 2212; x_wconf 86' lang='lat' dir='ltr'>nulla</span> <span class='ocrx_word' id='word_1_179' title='bbox 483 2155 617 2230; x_wconf 89' lang='lat' dir='ltr'>potentia</span> <span class='ocrx_word' id='word_1_180' title='bbox 629 2153 751 2214; x_wconf 84' lang='lat' dir='ltr'>evincit</span> <span class='ocrx_word' id='word_1_181' title='bbox 771 2153 843 2213; x_wconf 84' lang='lat' dir='ltr'>talia</span> <span class='ocrx_word' id='word_1_182' title='bbox 855 2154 944 2213; x_wconf 86' lang='lat' dir='ltr'>varia</span> <span class='ocrx_word' id='word_1_183' title='bbox 957 2154 1093 2215; x_wconf 78' lang='lat' dir='ltr'>lorslibi·</span> 
     </span>
     <span class='ocr_line' id='line_1_25' title="bbox 118 2233 1093 2313; baseline 0.005 -20"><span class='ocrx_word' id='word_1_184' title='bbox 118 2235 188 2293; x_wconf 90' lang='lat' dir='ltr'>dine</span> <span class='ocrx_word' id='word_1_185' title='bbox 210 2233 361 2309; x_wconf 85' lang='lat' dir='ltr'>disponit=</span> <span class='ocrx_word' id='word_1_186' title='bbox 381 2236 465 2297; x_wconf 86' lang='lat' dir='ltr'>mor&#39;s</span> <span class='ocrx_word' id='word_1_187' title='bbox 487 2253 593 2297; x_wconf 91' lang='lat' dir='ltr'>omnes</span> <span class='ocrx_word' id='word_1_188' title='bbox 609 2253 708 2312; x_wconf 85' lang='lat' dir='ltr'>aeque</span> <span class='ocrx_word' id='word_1_189' title='bbox 724 2243 821 2298; x_wconf 87' lang='lat' dir='ltr'>vocat</span> <span class='ocrx_word' id='word_1_190' title='bbox 850 2236 936 2298; x_wconf 84' lang='lat' dir='ltr'>iratis</span> <span class='ocrx_word' id='word_1_191' title='bbox 955 2237 1004 2298; x_wconf 92' lang='lat' dir='ltr'>dis</span> <span class='ocrx_word' id='word_1_192' title='bbox 1023 2254 1093 2313; x_wconf 89' lang='lat' dir='ltr'>pro·</span> 
     </span>
     <span class='ocr_line' id='line_1_26' title="bbox 88 2316 1093 2396; baseline 0.003 -18"><span class='ocrx_word' id='word_1_193' title='bbox 88 2316 264 2391; x_wconf 76' lang='lat' dir='ltr'>tpitiisque</span> <span class='ocrx_word' id='word_1_194' title='bbox 283 2319 473 2378; x_wconf 90' lang='lat' dir='ltr'>moriendum</span> <span class='ocrx_word' id='word_1_195' title='bbox 495 2327 551 2380; x_wconf 85' lang='lat' dir='ltr'>est</span> <span class='ocrx_word' id='word_1_196' title='bbox 583 2322 713 2381; x_wconf 85' lang='lat' dir='ltr'>Animus</span> <span class='ocrx_word' id='word_1_197' title='bbox 734 2338 774 2381; x_wconf 88' lang='lat' dir='ltr'>ex</span> <span class='ocrx_word' id='word_1_198' title='bbox 792 2320 863 2396; x_wconf 86' lang='lat' dir='ltr'>ipse</span> <span class='ocrx_word' id='word_1_199' title='bbox 877 2320 1093 2396; x_wconf 84' lang='lat' dir='ltr'>desperatione</span> 
     </span>
     <span class='ocr_line' id='line_1_27' title="bbox 119 2401 1091 2479; baseline 0.002 -18"><span class='ocrx_word' id='word_1_200' title='bbox 119 2408 271 2461; x_wconf 89' lang='lat' dir='ltr'>sumatur:</span> <span class='ocrx_word' id='word_1_201' title='bbox 300 2401 498 2476; x_wconf 83' lang='lat' dir='ltr'>ignavissima</span> <span class='ocrx_word' id='word_1_202' title='bbox 518 2404 672 2477; x_wconf 89' lang='lat' dir='ltr'>animalia,</span> <span class='ocrx_word' id='word_1_203' title='bbox 704 2419 783 2479; x_wconf 89' lang='lat' dir='ltr'>quae</span> <span class='ocrx_word' id='word_1_204' title='bbox 805 2411 912 2465; x_wconf 85' lang='lat' dir='ltr'>natura</span> <span class='ocrx_word' id='word_1_205' title='bbox 931 2404 973 2464; x_wconf 87' lang='lat' dir='ltr'>ad</span> <span class='ocrx_word' id='word_1_206' title='bbox 993 2405 1091 2479; x_wconf 80' lang='lat' dir='ltr'>lugam</span> 
     </span>
     <span class='ocr_line' id='line_1_28' title="bbox 117 2485 1091 2563; baseline 0.003 -19"><span class='ocrx_word' id='word_1_207' title='bbox 117 2486 237 2560; x_wconf 81' lang='lat' dir='ltr'>genuit,</span> <span class='ocrx_word' id='word_1_208' title='bbox 256 2485 309 2546; x_wconf 89' lang='lat' dir='ltr'>ubi</span> <span class='ocrx_word' id='word_1_209' title='bbox 330 2485 430 2548; x_wconf 87' lang='lat' dir='ltr'>exitus</span> <span class='ocrx_word' id='word_1_210' title='bbox 452 2503 512 2545; x_wconf 92' lang='lat' dir='ltr'>nou</span> <span class='ocrx_word' id='word_1_211' title='bbox 530 2494 625 2561; x_wconf 84' lang='lat' dir='ltr'>patet,</span> <span class='ocrx_word' id='word_1_212' title='bbox 649 2494 798 2563; x_wconf 85' lang='lat' dir='ltr'>temptant</span> <span class='ocrx_word' id='word_1_213' title='bbox 811 2502 947 2562; x_wconf 84' lang='lat' dir='ltr'>pugnam</span> <span class='ocrx_word' id='word_1_214' title='bbox 963 2498 1091 2563; x_wconf 87' lang='lat' dir='ltr'>corpore</span> 
     </span>
     <span class='ocr_line' id='line_1_29' title="bbox 119 2568 1090 2646; baseline 0.003 -19"><span class='ocrx_word' id='word_1_215' title='bbox 119 2568 233 2631; x_wconf 88' lang='lat' dir='ltr'>inbelli.</span> <span class='ocrx_word' id='word_1_216' title='bbox 264 2571 365 2630; x_wconf 90' lang='lat' dir='ltr'>nullus</span> <span class='ocrx_word' id='word_1_217' title='bbox 388 2569 591 2646; x_wconf 84' lang='lat' dir='ltr'>perniciosior</span> <span class='ocrx_word' id='word_1_218' title='bbox 603 2570 704 2632; x_wconf 90' lang='lat' dir='ltr'>hostis</span> <span class='ocrx_word' id='word_1_219' title='bbox 722 2578 770 2631; x_wconf 91' lang='lat' dir='ltr'>est</span> <span class='ocrx_word' id='word_1_220' title='bbox 784 2586 876 2645; x_wconf 90' lang='lat' dir='ltr'>quam</span> <span class='ocrx_word' id='word_1_221' title='bbox 892 2587 986 2646; x_wconf 89' lang='lat' dir='ltr'>quem</span> <span class='ocrx_word' id='word_1_222' title='bbox 999 2572 1090 2633; x_wconf 85' lang='lat' dir='ltr'>auda·</span> 
     </span>
     <span class='ocr_line' id='line_1_30' title="bbox 118 2654 1090 2730; baseline 0.001 -18"><span class='ocrx_word' id='word_1_223' title='bbox 118 2669 182 2712; x_wconf 89' lang='lat' dir='ltr'>cem</span> <span class='ocrx_word' id='word_1_224' title='bbox 198 2656 357 2730; x_wconf 82' lang='lat' dir='ltr'>angustiae</span> <span class='ocrx_word' id='word_1_225' title='bbox 371 2655 493 2727; x_wconf 86' lang='lat' dir='ltr'>iaciunt,</span> <span class='ocrx_word' id='word_1_226' title='bbox 507 2657 660 2729; x_wconf 81' lang='lat' dir='ltr'>longeque</span> <span class='ocrx_word' id='word_1_227' title='bbox 673 2654 834 2714; x_wconf 88' lang='lat' dir='ltr'>violentius</span> <span class='ocrx_word' id='word_1_228' title='bbox 849 2669 974 2729; x_wconf 86' lang='lat' dir='ltr'>semper</span> <span class='ocrx_word' id='word_1_229' title='bbox 988 2669 1029 2715; x_wconf 89' lang='lat' dir='ltr'>ex</span> <span class='ocrx_word' id='word_1_230' title='bbox 1042 2669 1090 2713; x_wconf 80' lang='lat' dir='ltr'>ne</span> 
     </span>
     <span class='ocr_line' id='line_1_31' title="bbox 118 2737 1092 2814; baseline 0.002 -21"><span class='ocrx_word' id='word_1_231' title='bbox 118 2739 259 2799; x_wconf 89' lang='lat' dir='ltr'>cessitate</span> <span class='ocrx_word' id='word_1_232' title='bbox 281 2755 372 2813; x_wconf 89' lang='lat' dir='ltr'>quam</span> <span class='ocrx_word' id='word_1_233' title='bbox 393 2753 431 2796; x_wconf 87' lang='lat' dir='ltr'>ex</span> <span class='ocrx_word' id='word_1_234' title='bbox 452 2737 562 2798; x_wconf 90' lang='lat' dir='ltr'>virtute</span> <span class='ocrx_word' id='word_1_235' title='bbox 583 2737 746 2811; x_wconf 85' lang='lat' dir='ltr'>corruitur,</span> <span class='ocrx_word' id='word_1_236' title='bbox 774 2738 912 2814; x_wconf 80' lang='lat' dir='ltr'>[maiora]</span> <span class='ocrx_word' id='word_1_237' title='bbox 939 2745 992 2798; x_wconf 84' lang='lat' dir='ltr'>aut</span> <span class='ocrx_word' id='word_1_238' title='bbox 1012 2745 1092 2797; x_wconf 87' lang='lat' dir='ltr'>certe</span> 
     </span>
     <span class='ocr_line' id='line_1_32' title="bbox 84 2819 1090 2896; baseline -0.004 -14"><span class='ocrx_word' id='word_1_239' title='bbox 84 2819 200 2893; x_wconf 80' lang='lat' dir='ltr'>sparta</span> <span class='ocrx_word' id='word_1_240' title='bbox 226 2829 352 2881; x_wconf 86' lang='lat' dir='ltr'>conatur</span> <span class='ocrx_word' id='word_1_241' title='bbox 374 2822 493 2882; x_wconf 90' lang='lat' dir='ltr'>animus</span> <span class='ocrx_word' id='word_1_242' title='bbox 518 2837 648 2896; x_wconf 82' lang='lat' dir='ltr'>magnus</span> <span class='ocrx_word' id='word_1_243' title='bbox 673 2836 710 2880; x_wconf 88' lang='lat' dir='ltr'>ac</span> <span class='ocrx_word' id='word_1_244' title='bbox 735 2821 886 2896; x_wconf 87' lang='lat' dir='ltr'>perditus.</span> <span class='ocrx_word' id='word_1_245' title='bbox 917 2820 1090 2895; x_wconf 75' lang='lat' dir='ltr'>Cogitemus</span> 
     </span>
     <span class='ocr_line' id='line_1_33' title="bbox 118 2903 1087 2980; baseline 0.002 -19"><span class='ocrx_word' id='word_1_246' title='bbox 118 2918 191 2975; x_wconf 92' lang='lat' dir='ltr'>nos,</span> <span class='ocrx_word' id='word_1_247' title='bbox 213 2911 357 2977; x_wconf 91' lang='lat' dir='ltr'>quantum</span> <span class='ocrx_word' id='word_1_248' title='bbox 379 2905 419 2964; x_wconf 88' lang='lat' dir='ltr'>ad</span> <span class='ocrx_word' id='word_1_249' title='bbox 434 2912 576 2977; x_wconf 92' lang='lat' dir='ltr'>mortem,</span> <span class='ocrx_word' id='word_1_250' title='bbox 593 2904 732 2980; x_wconf 87' lang='lat' dir='ltr'>perditos</span> <span class='ocrx_word' id='word_1_251' title='bbox 753 2919 841 2965; x_wconf 80' lang='lat' dir='ltr'>esse:</span> <span class='ocrx_word' id='word_1_252' title='bbox 862 2911 893 2964; x_wconf 89' lang='lat' dir='ltr'>et</span> <span class='ocrx_word' id='word_1_253' title='bbox 906 2920 1025 2967; x_wconf 71' lang='lat' dir='ltr'>summ.</span> <span class='ocrx_word' id='word_1_254' title='bbox 1048 2903 1087 2963; x_wconf 89' lang='lat' dir='ltr'>lta</span> 
     </span>
     <span class='ocr_line' id='line_1_34' title="bbox 118 2985 1087 3057; baseline 0 -13"><span class='ocrx_word' id='word_1_255' title='bbox 118 2992 179 3057; x_wconf 89' lang='lat' dir='ltr'>est,</span> <span class='ocrx_word' id='word_1_256' title='bbox 201 2985 311 3046; x_wconf 79' lang='lat' dir='ltr'>Lucili:</span> <span class='ocrx_word' id='word_1_257' title='bbox 334 3003 439 3048; x_wconf 89' lang='lat' dir='ltr'>omnes</span> <span class='ocrx_word' id='word_1_258' title='bbox 457 3003 651 3049; x_wconf 88' lang='lat' dir='ltr'>reservamur</span> <span class='ocrx_word' id='word_1_259' title='bbox 668 2988 707 3048; x_wconf 91' lang='lat' dir='ltr'>ad</span> <span class='ocrx_word' id='word_1_260' title='bbox 725 2995 863 3049; x_wconf 87' lang='lat' dir='ltr'>mortem.</span> <span class='ocrx_word' id='word_1_261' title='bbox 892 2994 989 3051; x_wconf 88' lang='lat' dir='ltr'>totum</span> <span class='ocrx_word' id='word_1_262' title='bbox 1010 2987 1087 3047; x_wconf 92' lang='lat' dir='ltr'>bunc</span> 
     </span>
     <span class='ocr_line' id='line_1_35' title="bbox 118 3070 1085 3147; baseline 0.003 -20"><span class='ocrx_word' id='word_1_263' title='bbox 118 3085 208 3143; x_wconf 90' lang='lat' dir='ltr'>quem</span> <span class='ocrx_word' id='word_1_264' title='bbox 224 3070 311 3131; x_wconf 90' lang='lat' dir='ltr'>vides</span> <span class='ocrx_word' id='word_1_265' title='bbox 326 3072 490 3146; x_wconf 88' lang='lat' dir='ltr'>populum,</span> <span class='ocrx_word' id='word_1_266' title='bbox 511 3079 606 3133; x_wconf 89' lang='lat' dir='ltr'>totum</span> <span class='ocrx_word' id='word_1_267' title='bbox 622 3087 714 3147; x_wconf 89' lang='lat' dir='ltr'>quem</span> <span class='ocrx_word' id='word_1_268' title='bbox 729 3087 860 3146; x_wconf 88' lang='lat' dir='ltr'>usquam</span> <span class='ocrx_word' id='word_1_269' title='bbox 876 3072 995 3146; x_wconf 82' lang='lat' dir='ltr'>cogitas</span> <span class='ocrx_word' id='word_1_270' title='bbox 1011 3084 1085 3140; x_wconf 90' lang='lat' dir='ltr'>esse,</span> 
     </span>
     <span class='ocr_line' id='line_1_36' title="bbox 117 3152 1087 3225; baseline -0.002 -14"><span class='ocrx_word' id='word_1_271' title='bbox 117 3153 177 3212; x_wconf 87' lang='lat' dir='ltr'>cito</span> <span class='ocrx_word' id='word_1_272' title='bbox 197 3160 305 3213; x_wconf 90' lang='lat' dir='ltr'>natura</span> <span class='ocrx_word' id='word_1_273' title='bbox 322 3155 479 3215; x_wconf 90' lang='lat' dir='ltr'>revocabit</span> <span class='ocrx_word' id='word_1_274' title='bbox 498 3163 527 3216; x_wconf 91' lang='lat' dir='ltr'>et</span> <span class='ocrx_word' id='word_1_275' title='bbox 549 3155 675 3216; x_wconf 86' lang='lat' dir='ltr'>condet=</span> <span class='ocrx_word' id='word_1_276' title='bbox 696 3170 752 3214; x_wconf 89' lang='lat' dir='ltr'>neo</span> <span class='ocrx_word' id='word_1_277' title='bbox 775 3156 883 3225; x_wconf 85' lang='lat' dir='ltr'>dere,</span> <span class='ocrx_word' id='word_1_278' title='bbox 907 3156 965 3217; x_wconf 90' lang='lat' dir='ltr'>sed</span> <span class='ocrx_word' id='word_1_279' title='bbox 987 3152 1087 3215; x_wconf 90' lang='lat' dir='ltr'>dedic</span> 
     </span>
     <span class='ocr_line' id='line_1_37' title="bbox 83 3233 1086 3311; baseline -0.003 -15"><span class='ocrx_word' id='word_1_280' title='bbox 83 3239 101 3296; x_wconf 79' lang='lat' dir='ltr'>l</span> <span class='ocrx_word' id='word_1_281' title='bbox 116 3237 279 3311; x_wconf 81' lang='lat' dir='ltr'>quaeritur.</span> <span class='ocrx_word' id='word_1_282' title='bbox 310 3239 425 3299; x_wconf 82' lang='lat' dir='ltr'>Eodem</span> <span class='ocrx_word' id='word_1_283' title='bbox 448 3238 535 3299; x_wconf 89' lang='lat' dir='ltr'>citius</span> <span class='ocrx_word' id='word_1_284' title='bbox 552 3240 708 3301; x_wconf 88' lang='lat' dir='ltr'>tardiusve</span> <span class='ocrx_word' id='word_1_285' title='bbox 723 3238 905 3299; x_wconf 88' lang='lat' dir='ltr'>veniendum</span> <span class='ocrx_word' id='word_1_286' title='bbox 922 3246 980 3299; x_wconf 82' lang='lat' dir='ltr'>est</span> <span class='ocrx_word' id='word_1_287' title='bbox 1012 3233 1086 3311; x_wconf 78' lang='lat' dir='ltr'>Quid</span> 
     </span>
     <span class='ocr_line' id='line_1_38' title="bbox 20 3320 1087 3397; baseline -0.002 -17"><span class='ocrx_word' id='word_1_288' title='bbox 20 3352 25 3361; x_wconf 85' lang='lat'><em>.</em></span> <span class='ocrx_word' id='word_1_289' title='bbox 117 3327 213 3394; x_wconf 76' lang='lat' dir='ltr'>ergot</span> <span class='ocrx_word' id='word_1_290' title='bbox 238 3337 299 3380; x_wconf 92' lang='lat' dir='ltr'>non</span> <span class='ocrx_word' id='word_1_291' title='bbox 324 3322 375 3382; x_wconf 90' lang='lat' dir='ltr'>tibi</span> <span class='ocrx_word' id='word_1_292' title='bbox 395 3322 605 3382; x_wconf 87' lang='lat' dir='ltr'>timidissimus</span> <span class='ocrx_word' id='word_1_293' title='bbox 628 3323 762 3382; x_wconf 92' lang='lat' dir='ltr'>omnium</span> <span class='ocrx_word' id='word_1_294' title='bbox 777 3328 808 3381; x_wconf 88' lang='lat' dir='ltr'>et</span> <span class='ocrx_word' id='word_1_295' title='bbox 820 3320 1087 3397; x_wconf 84' lang='lat' dir='ltr'>insipientissimus</span> 
     </span>
     <span class='ocr_line' id='line_1_39' title="bbox 116 3403 1087 3480; baseline -0.001 -18"><span class='ocrx_word' id='word_1_296' title='bbox 116 3403 249 3478; x_wconf 85' lang='lat' dir='ltr'>videtur,</span> <span class='ocrx_word' id='word_1_297' title='bbox 271 3406 322 3480; x_wconf 91' lang='lat' dir='ltr'>qui</span> <span class='ocrx_word' id='word_1_298' title='bbox 342 3419 453 3478; x_wconf 79' lang='lat' dir='ltr'>magno</span> <span class='ocrx_word' id='word_1_299' title='bbox 477 3404 590 3465; x_wconf 88' lang='lat' dir='ltr'>ambitu</span> <span class='ocrx_word' id='word_1_300' title='bbox 604 3412 692 3480; x_wconf 86' lang='lat' dir='ltr'>rogat</span> <span class='ocrx_word' id='word_1_301' title='bbox 709 3421 824 3466; x_wconf 84' lang='lat' dir='ltr'>moram</span> <span class='ocrx_word' id='word_1_302' title='bbox 841 3404 968 3465; x_wconf 67' lang='lat' dir='ltr'>mortis?</span> <span class='ocrx_word' id='word_1_303' title='bbox 987 3414 1087 3464; x_wconf 84' lang='lat' dir='ltr'>nonne</span> 
     </span>
    </p>
   </div>
   <div class='ocr_carea' id='block_1_3' title="bbox 0 0 1186 3840">
    <p class='ocr_par' dir='ltr' id='par_1_3' title="bbox 0 0 1186 3840">
     <span class='ocr_line' id='line_1_40' title="bbox 0 0 1186 3840; baseline 0 1"><span class='ocrx_word' id='word_1_304' title='bbox 0 0 1186 3840; x_wconf 95' lang='lat' dir='ltr'> </span> 
     </span>
    </p>
   </div>
  </div>
 </body>
</html>
