<?xml version="1.0" encoding="UTF-8"?>
<!DOCTYPE html PUBLIC "-//W3C//DTD XHTML 1.0 Transitional//EN"
    "http://www.w3.org/TR/xhtml1/DTD/xhtml1-transitional.dtd">
<html xmlns="http://www.w3.org/1999/xhtml" xml:lang="en" lang="en">
 <head>
  <title>
</title>
<meta http-equiv="Content-Type" content="text/html;charset=utf-8" />
  <meta name='ocr-system' content='tesseract 3.04.00' />
  <meta name='ocr-capabilities' content='ocr_page ocr_carea ocr_par ocr_line ocrx_word'/>
</head>
<body>
  <div class='ocr_page' id='page_1' title='image "./lannaeisenecaeo01senegoog_0108.png"; bbox 0 0 2364 3840; ppageno 0'>
   <div class='ocr_carea' id='block_1_1' title="bbox 255 146 1045 227">
    <p class='ocr_par' dir='ltr' id='par_1_1' title="bbox 255 146 1045 227">
     <span class='ocr_line' id='line_1_1' title="bbox 255 146 1045 227; baseline 0.009 -7"><span class='ocrx_word' id='word_1_1' title='bbox 255 160 307 220; x_wconf 85' lang='lat' dir='ltr'><strong>ou</strong></span> <span class='ocrx_word' id='word_1_2' title='bbox 328 160 541 222; x_wconf 82' lang='lat' dir='ltr'><strong>uuuurrcus</strong></span> <span class='ocrx_word' id='word_1_3' title='bbox 564 146 635 222; x_wconf 79' lang='lat' dir='ltr'><strong>rui.</strong></span> <span class='ocrx_word' id='word_1_4' title='bbox 649 164 686 220; x_wconf 87' lang='lat' dir='ltr'><strong>v.</strong></span> <span class='ocrx_word' id='word_1_5' title='bbox 709 172 841 224; x_wconf 84' lang='lat' dir='ltr'><strong>ro-n.</strong></span> <span class='ocrx_word' id='word_1_6' title='bbox 996 156 1045 227; x_wconf 81' lang='lat' dir='ltr'><strong>uo</strong></span> 
     </span>
    </p>
   </div>
   <div class='ocr_carea' id='block_1_2' title="bbox 29 311 1070 2900">
    <p class='ocr_par' dir='ltr' id='par_1_2' title="bbox 52 311 1070 1978">
     <span class='ocr_line' id='line_1_2' title="bbox 57 311 1067 391; baseline 0.002 -16"><span class='ocrx_word' id='word_1_7' title='bbox 57 313 149 375; x_wconf 87' lang='lat' dir='ltr'><strong>immo</strong></span> <span class='ocrx_word' id='word_1_8' title='bbox 166 311 237 389; x_wconf 88' lang='lat' dir='ltr'><strong>quis</strong></span> <span class='ocrx_word' id='word_1_9' title='bbox 252 328 313 372; x_wconf 93' lang='lat' dir='ltr'><strong>non</strong></span> <span class='ocrx_word' id='word_1_10' title='bbox 328 312 464 386; x_wconf 85' lang='lat' dir='ltr'><strong>ingratus</strong></span> <span class='ocrx_word' id='word_1_11' title='bbox 480 314 549 385; x_wconf 91' lang='lat' dir='ltr'><strong>luit,</strong></span> <span class='ocrx_word' id='word_1_12' title='bbox 567 321 601 374; x_wconf 94' lang='lat' dir='ltr'><strong>ut</strong></span> <span class='ocrx_word' id='word_1_13' title='bbox 615 314 674 374; x_wconf 91' lang='lat' dir='ltr'><strong>hoc</strong></span> <span class='ocrx_word' id='word_1_14' title='bbox 686 317 820 376; x_wconf 70' lang='lat' dir='ltr'><strong>laceret?</strong></span> <span class='ocrx_word' id='word_1_15' title='bbox 846 316 900 389; x_wconf 89' lang='lat' dir='ltr'><strong>„Si</strong></span> <span class='ocrx_word' id='word_1_16' title='bbox 914 317 1067 391; x_wconf 73' lang='lat' dir='ltr'><strong>gratiasn</strong></span> 
     </span>
     <span class='ocr_line' id='line_1_3' title="bbox 57 395 1037 474; baseline 0.001 -17"><span class='ocrx_word' id='word_1_17' title='bbox 57 396 169 474; x_wconf 85' lang='lat' dir='ltr'><strong>inquit,</strong></span> <span class='ocrx_word' id='word_1_18' title='bbox 190 395 280 456; x_wconf 87' lang='lat' dir='ltr'><strong>nobis</strong></span> <span class='ocrx_word' id='word_1_19' title='bbox 292 410 384 470; x_wconf 86' lang='lat' dir='ltr'><strong>agere</strong></span> <span class='ocrx_word' id='word_1_20' title='bbox 396 397 558 472; x_wconf 88' lang='lat' dir='ltr'><strong>debemus,</strong></span> <span class='ocrx_word' id='word_1_21' title='bbox 574 406 604 458; x_wconf 89' lang='lat' dir='ltr'><strong>el</strong></span> <span class='ocrx_word' id='word_1_22' title='bbox 614 401 739 472; x_wconf 78' lang='lat' dir='ltr'><strong>gratiam</strong></span> <span class='ocrx_word' id='word_1_23' title='bbox 752 401 867 458; x_wconf 86' lang='lat' dir='ltr'><strong>reterre</strong></span> <span class='ocrx_word' id='word_1_24' title='bbox 879 400 1037 460; x_wconf 88' lang='lat' dir='ltr'><strong>debemus.</strong></span> 
     </span>
     <span class='ocr_line' id='line_1_4' title="bbox 57 480 1039 556; baseline 0.004 -16"><span class='ocrx_word' id='word_1_25' title='bbox 57 480 188 541; x_wconf 81' lang='lat' dir='ltr'><strong>dicimus</strong></span> <span class='ocrx_word' id='word_1_26' title='bbox 210 487 326 539; x_wconf 83' lang='lat' dir='ltr'><strong>autem:</strong></span> <span class='ocrx_word' id='word_1_27' title='bbox 355 495 414 554; x_wconf 86' lang='lat' dir='ltr'><strong>ago</strong></span> <span class='ocrx_word' id='word_1_28' title='bbox 437 481 550 555; x_wconf 76' lang='lat' dir='ltr'><strong>gratias</strong></span> <span class='ocrx_word' id='word_1_29' title='bbox 576 480 663 555; x_wconf 88' lang='lat' dir='ltr'><strong>mihi,</strong></span> <span class='ocrx_word' id='word_1_30' title='bbox 693 484 777 556; x_wconf 88' lang='lat' dir='ltr'><strong>quod</strong></span> <span class='ocrx_word' id='word_1_31' title='bbox 802 484 884 542; x_wconf 90' lang='lat' dir='ltr'><strong>illam</strong></span> <span class='ocrx_word' id='word_1_32' title='bbox 909 499 1039 544; x_wconf 85' lang='lat' dir='ltr'><strong>uxorem</strong></span> 
     </span>
     <span class='ocr_line' id='line_1_5' title="bbox 56 563 1039 638; baseline 0.003 -15"><span class='ocrx_word' id='word_1_33' title='bbox 56 563 142 625; x_wconf 86' lang='lat' dir='ltr'><strong>nolui</strong></span> <span class='ocrx_word' id='word_1_34' title='bbox 162 563 276 622; x_wconf 91' lang='lat' dir='ltr'><strong>ducere</strong></span> <span class='ocrx_word' id='word_1_35' title='bbox 297 571 328 623; x_wconf 95' lang='lat' dir='ltr'><strong>et</strong></span> <span class='ocrx_word' id='word_1_36' title='bbox 348 564 517 638; x_wconf 86' lang='lat' dir='ltr'><strong>quodcum</strong></span> <span class='ocrx_word' id='word_1_37' title='bbox 532 566 582 624; x_wconf 93' lang='lat' dir='ltr'><strong>illo</strong></span> <span class='ocrx_word' id='word_1_38' title='bbox 599 582 660 624; x_wconf 93' lang='lat' dir='ltr'><strong>non</strong></span> <span class='ocrx_word' id='word_1_39' title='bbox 678 568 816 626; x_wconf 83' lang='lat' dir='ltr'>contraxi</span> <span class='ocrx_word' id='word_1_40' title='bbox 831 568 1039 627; x_wconf 86' lang='lat' dir='ltr'><strong>societatem.“</strong></span> 
     </span>
     <span class='ocr_line' id='line_1_6' title="bbox 57 646 1039 721; baseline 0.005 -14"><span class='ocrx_word' id='word_1_41' title='bbox 57 647 131 707; x_wconf 81' lang='lat' dir='ltr'><strong>Cum</strong></span> <span class='ocrx_word' id='word_1_42' title='bbox 152 646 213 706; x_wconf 90' lang='lat' dir='ltr'><strong>hoc</strong></span> <span class='ocrx_word' id='word_1_43' title='bbox 233 646 378 720; x_wconf 81' lang='lat' dir='ltr'>dicimus,</span> <span class='ocrx_word' id='word_1_44' title='bbox 401 649 562 709; x_wconf 85' lang='lat' dir='ltr'><strong>laudamus</strong></span> <span class='ocrx_word' id='word_1_45' title='bbox 584 666 641 708; x_wconf 90' lang='lat' dir='ltr'><strong>nos</strong></span> <span class='ocrx_word' id='word_1_46' title='bbox 657 657 702 721; x_wconf 88' lang='lat' dir='ltr'><strong>et,</strong></span> <span class='ocrx_word' id='word_1_47' title='bbox 725 658 759 711; x_wconf 86' lang='grc' dir='ltr'><strong>ιιι</strong></span> <span class='ocrx_word' id='word_1_48' title='bbox 773 653 884 712; x_wconf 89' lang='lat' dir='ltr'><strong>lactum</strong></span> <span class='ocrx_word' id='word_1_49' title='bbox 900 660 1039 712; x_wconf 89' lang='lat' dir='ltr'><strong>nostrum</strong></span> 
     </span>
     <span class='ocr_line' id='line_1_7' title="bbox 56 731 1068 806; baseline 0.006 -15"><span class='ocrx_word' id='word_1_50' title='bbox 56 731 301 805; x_wconf 89' lang='lat' dir='ltr'><strong>conprobemus,</strong></span> <span class='ocrx_word' id='word_1_51' title='bbox 324 733 437 805; x_wconf 76' lang='lat' dir='ltr'><strong>gratias</strong></span> <span class='ocrx_word' id='word_1_52' title='bbox 459 732 611 806; x_wconf 77' lang='lat' dir='ltr'>agentium</span> <span class='ocrx_word' id='word_1_53' title='bbox 627 734 730 793; x_wconf 90' lang='lat' dir='ltr'><strong>verbis</strong></span> <span class='ocrx_word' id='word_1_54' title='bbox 745 735 907 795; x_wconf 79' lang='lat' dir='ltr'><strong>abutimur.</strong></span> <span class='ocrx_word' id='word_1_55' title='bbox 941 736 1068 797; x_wconf 75' lang='lat' dir='ltr'><strong>Bene-3</strong></span> 
     </span>
     <span class='ocr_line' id='line_1_8' title="bbox 55 815 1037 892; baseline 0.004 -17"><span class='ocrx_word' id='word_1_56' title='bbox 55 815 160 875; x_wconf 87' lang='lat' dir='ltr'><strong>ficium</strong></span> <span class='ocrx_word' id='word_1_57' title='bbox 175 820 239 886; x_wconf 88' lang='grc' dir='ltr'>εει,</span> <span class='ocrx_word' id='word_1_58' title='bbox 254 815 338 888; x_wconf 90' lang='lat' dir='ltr'><strong>quod</strong></span> <span class='ocrx_word' id='word_1_59' title='bbox 354 822 469 889; x_wconf 86' lang='lat' dir='ltr'><strong>potest,</strong></span> <span class='ocrx_word' id='word_1_60' title='bbox 486 832 553 876; x_wconf 91' lang='lat' dir='ltr'><strong>cum</strong></span> <span class='ocrx_word' id='word_1_61' title='bbox 566 818 667 876; x_wconf 88' lang='lat' dir='ltr'><strong>datum</strong></span> <span class='ocrx_word' id='word_1_62' title='bbox 682 825 744 892; x_wconf 90' lang='lat' dir='ltr'><strong>est,</strong></span> <span class='ocrx_word' id='word_1_63' title='bbox 761 825 802 890; x_wconf 92' lang='grc' dir='ltr'><strong>[ει</strong></span> <span class='ocrx_word' id='word_1_64' title='bbox 816 819 916 891; x_wconf 87' lang='lat' dir='ltr'><strong>reddi]</strong></span> <span class='ocrx_word' id='word_1_65' title='bbox 933 826 962 879; x_wconf 89' lang='lat' dir='ltr'><strong>at</strong></span> <span class='ocrx_word' id='word_1_66' title='bbox 976 835 1037 879; x_wconf 92' lang='lat' dir='ltr'><strong>non</strong></span> 
     </span>
     <span class='ocr_line' id='line_1_9' title="bbox 54 897 1039 978; baseline 0.006 -21"><span class='ocrx_word' id='word_1_67' title='bbox 54 897 155 958; x_wconf 89' lang='lat' dir='ltr'><strong>reddi.</strong></span> <span class='ocrx_word' id='word_1_68' title='bbox 185 899 237 972; x_wconf 90' lang='lat' dir='ltr'><strong>qui</strong></span> <span class='ocrx_word' id='word_1_69' title='bbox 259 897 317 958; x_wconf 85' lang='lat' dir='ltr'><strong>sibi</strong></span> <span class='ocrx_word' id='word_1_70' title='bbox 338 898 520 959; x_wconf 85' lang='lat' dir='ltr'><strong>beneficium</strong></span> <span class='ocrx_word' id='word_1_71' title='bbox 542 901 607 972; x_wconf 90' lang='lat' dir='ltr'><strong>dat,</strong></span> <span class='ocrx_word' id='word_1_72' title='bbox 630 917 690 960; x_wconf 92' lang='lat' dir='ltr'><strong>non</strong></span> <span class='ocrx_word' id='word_1_73' title='bbox 709 911 810 976; x_wconf 87' lang='lat' dir='ltr'><strong>potest</strong></span> <span class='ocrx_word' id='word_1_74' title='bbox 825 920 884 962; x_wconf 93' lang='lat' dir='ltr'><strong>non</strong></span> <span class='ocrx_word' id='word_1_75' title='bbox 900 904 1039 978; x_wconf 89' lang='lat' dir='ltr'><strong>recipere</strong></span> 
     </span>
     <span class='ocr_line' id='line_1_10' title="bbox 57 980 1038 1061; baseline 0.004 -19"><span class='ocrx_word' id='word_1_76' title='bbox 57 981 144 1057; x_wconf 89' lang='lat' dir='ltr'><strong>quod</strong></span> <span class='ocrx_word' id='word_1_77' title='bbox 165 980 263 1040; x_wconf 69' lang='lat' dir='ltr'><strong>dodim</strong></span> <span class='ocrx_word' id='word_1_78' title='bbox 287 996 361 1054; x_wconf 90' lang='lat' dir='ltr'><strong>ergo</strong></span> <span class='ocrx_word' id='word_1_79' title='bbox 384 1000 445 1043; x_wconf 90' lang='lat' dir='ltr'><strong>non</strong></span> <span class='ocrx_word' id='word_1_80' title='bbox 462 990 509 1042; x_wconf 90' lang='lat' dir='ltr'><strong>est</strong></span> <span class='ocrx_word' id='word_1_81' title='bbox 524 984 715 1042; x_wconf 89' lang='lat' dir='ltr'><strong>beneficium.</strong></span> <span class='ocrx_word' id='word_1_82' title='bbox 749 987 819 1047; x_wconf 89' lang='lat' dir='ltr'><strong>Alio</strong></span> <span class='ocrx_word' id='word_1_83' title='bbox 834 993 974 1061; x_wconf 87' lang='lat' dir='ltr'><strong>tempore</strong></span> <span class='ocrx_word' id='word_1_84' title='bbox 988 987 1038 1046; x_wconf 91' lang='lat' dir='ltr'><strong>be-</strong></span> 
     </span>
     <span class='ocr_line' id='line_1_11' title="bbox 55 1065 1069 1140; baseline 0.009 -16"><span class='ocrx_word' id='word_1_85' title='bbox 55 1065 200 1127; x_wconf 86' lang='lat' dir='ltr'><strong>neficium</strong></span> <span class='ocrx_word' id='word_1_86' title='bbox 220 1066 383 1140; x_wconf 80' lang='lat' dir='ltr'><strong>accipitur,</strong></span> <span class='ocrx_word' id='word_1_87' title='bbox 413 1065 472 1126; x_wconf 91' lang='lat' dir='ltr'><strong>alio</strong></span> <span class='ocrx_word' id='word_1_88' title='bbox 494 1067 640 1127; x_wconf 85' lang='lat' dir='ltr'><strong>redditur.</strong></span> <span class='ocrx_word' id='word_1_89' title='bbox 682 1069 716 1127; x_wconf 96' lang='lat' dir='ltr'><strong>ln</strong></span> <span class='ocrx_word' id='word_1_90' title='bbox 739 1069 887 1130; x_wconf 87' lang='lat' dir='ltr'><strong>beneficio</strong></span> <span class='ocrx_word' id='word_1_91' title='bbox 913 1071 973 1129; x_wconf 89' lang='lat' dir='ltr'><strong>hoc</strong></span> <span class='ocrx_word' id='word_1_92' title='bbox 994 1080 1069 1134; x_wconf 74' lang='lat' dir='ltr'><strong>esti</strong></span> 
     </span>
     <span class='ocr_line' id='line_1_12' title="bbox 54 1149 1040 1228; baseline 0.007 -20"><span class='ocrx_word' id='word_1_93' title='bbox 54 1149 217 1225; x_wconf 85' lang='lat' dir='ltr'><strong>probabile</strong></span> <span class='ocrx_word' id='word_1_94' title='bbox 232 1157 262 1210; x_wconf 89' lang='lat' dir='ltr'><strong>el</strong></span> <span class='ocrx_word' id='word_1_95' title='bbox 276 1151 522 1224; x_wconf 90' lang='lat' dir='ltr'><strong>suspiciendum,</strong></span> <span class='ocrx_word' id='word_1_96' title='bbox 539 1151 623 1226; x_wconf 88' lang='lat' dir='ltr'><strong>quod</strong></span> <span class='ocrx_word' id='word_1_97' title='bbox 638 1151 748 1226; x_wconf 90' lang='lat' dir='ltr'><strong>aliquis</strong></span> <span class='ocrx_word' id='word_1_98' title='bbox 763 1159 795 1211; x_wconf 92' lang='lat' dir='ltr'><strong>ut</strong></span> <span class='ocrx_word' id='word_1_99' title='bbox 809 1154 895 1212; x_wconf 89' lang='lat' dir='ltr'><strong>alteri</strong></span> <span class='ocrx_word' id='word_1_100' title='bbox 909 1155 1040 1228; x_wconf 92' lang='lat' dir='ltr'><strong>prodes·</strong></span> 
     </span>
     <span class='ocr_line' id='line_1_13' title="bbox 54 1231 1041 1309; baseline 0.003 -15"><span class='ocrx_word' id='word_1_101' title='bbox 54 1240 118 1308; x_wconf 89' lang='grc' dir='ltr'>εει,</span> <span class='ocrx_word' id='word_1_102' title='bbox 140 1231 278 1294; x_wconf 83' lang='lat' dir='ltr'><strong>utilitatis</strong></span> <span class='ocrx_word' id='word_1_103' title='bbox 299 1250 375 1294; x_wconf 89' lang='lat' dir='ltr'><strong>suae</strong></span> <span class='ocrx_word' id='word_1_104' title='bbox 396 1233 513 1295; x_wconf 88' lang='lat' dir='ltr'><strong>interim</strong></span> <span class='ocrx_word' id='word_1_105' title='bbox 535 1235 647 1294; x_wconf 87' lang='lat' dir='ltr'><strong>oblitus</strong></span> <span class='ocrx_word' id='word_1_106' title='bbox 665 1243 728 1308; x_wconf 91' lang='grc' dir='ltr'>εει,</span> <span class='ocrx_word' id='word_1_107' title='bbox 750 1239 834 1309; x_wconf 85' lang='lat' dir='ltr'><strong>quod</strong></span> <span class='ocrx_word' id='word_1_108' title='bbox 852 1237 938 1296; x_wconf 88' lang='lat' dir='ltr'><strong>altari</strong></span> <span class='ocrx_word' id='word_1_109' title='bbox 956 1238 1041 1298; x_wconf 90' lang='lat' dir='ltr'><strong>dedit</strong></span> 
     </span>
     <span class='ocr_line' id='line_1_14' title="bbox 54 1317 1067 1397; baseline 0.006 -21"><span class='ocrx_word' id='word_1_110' title='bbox 54 1317 213 1377; x_wconf 83' lang='lat' dir='ltr'><strong>ablaturus</strong></span> <span class='ocrx_word' id='word_1_111' title='bbox 229 1318 297 1377; x_wconf 89' lang='lat' dir='ltr'><strong>sibi.</strong></span> <span class='ocrx_word' id='word_1_112' title='bbox 320 1318 379 1397; x_wconf 87' lang='lat' dir='ltr'><strong>hoc</strong></span> <span class='ocrx_word' id='word_1_113' title='bbox 394 1335 455 1379; x_wconf 93' lang='lat' dir='ltr'><strong>non</strong></span> <span class='ocrx_word' id='word_1_114' title='bbox 471 1319 543 1378; x_wconf 91' lang='lat' dir='ltr'><strong>lacit</strong></span> <span class='ocrx_word' id='word_1_115' title='bbox 557 1321 608 1394; x_wconf 90' lang='lat' dir='ltr'><strong>qui</strong></span> <span class='ocrx_word' id='word_1_116' title='bbox 624 1318 806 1379; x_wconf 88' lang='lat' dir='ltr'><strong>beneficium</strong></span> <span class='ocrx_word' id='word_1_117' title='bbox 821 1318 879 1378; x_wconf 85' lang='lat' dir='ltr'><strong>sibi</strong></span> <span class='ocrx_word' id='word_1_118' title='bbox 892 1320 953 1379; x_wconf 83' lang='lat' dir='ltr'><strong>dat.</strong></span> <span class='ocrx_word' id='word_1_119' title='bbox 980 1321 1067 1382; x_wconf 88' lang='lat' dir='ltr'><strong>Be·5</strong></span> 
     </span>
     <span class='ocr_line' id='line_1_15' title="bbox 53 1401 1039 1479; baseline 0.002 -18"><span class='ocrx_word' id='word_1_120' title='bbox 53 1401 200 1461; x_wconf 89' lang='lat' dir='ltr'><strong>ncficium</strong></span> <span class='ocrx_word' id='word_1_121' title='bbox 216 1402 290 1460; x_wconf 87' lang='lat' dir='ltr'><strong>darc</strong></span> <span class='ocrx_word' id='word_1_122' title='bbox 305 1402 429 1462; x_wconf 86' lang='lat' dir='ltr'><strong>socialis</strong></span> <span class='ocrx_word' id='word_1_123' title='bbox 444 1416 495 1462; x_wconf 92' lang='lat' dir='ltr'><strong>res</strong></span> <span class='ocrx_word' id='word_1_124' title='bbox 508 1410 571 1475; x_wconf 92' lang='lat' dir='ltr'><strong>est,</strong></span> <span class='ocrx_word' id='word_1_125' title='bbox 589 1403 722 1477; x_wconf 86' lang='lat' dir='ltr'><strong>aliquem</strong></span> <span class='ocrx_word' id='word_1_126' title='bbox 735 1403 891 1476; x_wconf 89' lang='lat' dir='ltr'><strong>conciliat,</strong></span> <span class='ocrx_word' id='word_1_127' title='bbox 908 1405 1039 1479; x_wconf 88' lang='lat' dir='ltr'><strong>aliquem</strong></span> 
     </span>
     <span class='ocr_line' id='line_1_16' title="bbox 53 1484 1040 1561; baseline 0 -16"><span class='ocrx_word' id='word_1_128' title='bbox 53 1484 187 1560; x_wconf 76' lang='lat' dir='ltr'><strong>obligat:</strong></span> <span class='ocrx_word' id='word_1_129' title='bbox 210 1484 268 1544; x_wconf 91' lang='lat' dir='ltr'><strong>sibi</strong></span> <span class='ocrx_word' id='word_1_130' title='bbox 283 1486 356 1545; x_wconf 89' lang='lat' dir='ltr'><strong>dare</strong></span> <span class='ocrx_word' id='word_1_131' title='bbox 372 1503 432 1545; x_wconf 93' lang='lat' dir='ltr'><strong>non</strong></span> <span class='ocrx_word' id='word_1_132' title='bbox 447 1493 494 1546; x_wconf 90' lang='lat' dir='ltr'><strong>est</strong></span> <span class='ocrx_word' id='word_1_133' title='bbox 506 1488 629 1547; x_wconf 90' lang='lat' dir='ltr'><strong>socialis</strong></span> <span class='ocrx_word' id='word_1_134' title='bbox 641 1503 708 1561; x_wconf 89' lang='lat' dir='ltr'><strong>res,</strong></span> <span class='ocrx_word' id='word_1_135' title='bbox 728 1487 879 1547; x_wconf 88' lang='lat' dir='ltr'><strong>neminem</strong></span> <span class='ocrx_word' id='word_1_136' title='bbox 891 1487 1040 1561; x_wconf 79' lang='lat' dir='ltr'><strong>conciliat,</strong></span> 
     </span>
     <span class='ocr_line' id='line_1_17' title="bbox 53 1569 1041 1645; baseline -0.001 -16"><span class='ocrx_word' id='word_1_137' title='bbox 53 1570 207 1629; x_wconf 89' lang='lat' dir='ltr'><strong>neminem</strong></span> <span class='ocrx_word' id='word_1_138' title='bbox 229 1569 357 1644; x_wconf 90' lang='lat' dir='ltr'><strong>obligat,</strong></span> <span class='ocrx_word' id='word_1_139' title='bbox 386 1571 538 1629; x_wconf 87' lang='lat' dir='ltr'><strong>neminem</strong></span> <span class='ocrx_word' id='word_1_140' title='bbox 559 1570 589 1630; x_wconf 91' lang='lat' dir='ltr'><strong>in</strong></span> <span class='ocrx_word' id='word_1_141' title='bbox 618 1587 705 1645; x_wconf 92' lang='lat' dir='ltr'><strong>spem</strong></span> <span class='ocrx_word' id='word_1_142' title='bbox 731 1573 861 1645; x_wconf 84' lang='lat' dir='ltr'><strong>inducit,</strong></span> <span class='ocrx_word' id='word_1_143' title='bbox 889 1572 1041 1631; x_wconf 77' lang='lat' dir='ltr'><strong>abdicat:</strong></span> 
     </span>
     <span class='ocr_line' id='line_1_18' title="bbox 52 1652 1041 1729; baseline 0.004 -18"><span class='ocrx_word' id='word_1_144' title='bbox 52 1652 127 1726; x_wconf 90' lang='lat' dir='ltr'><strong>„hic</strong></span> <span class='ocrx_word' id='word_1_145' title='bbox 142 1652 233 1712; x_wconf 87' lang='lat' dir='ltr'><strong>lromo</strong></span> <span class='ocrx_word' id='word_1_146' title='bbox 256 1654 403 1713; x_wconf 87' lang='lat' dir='ltr'><strong>colendus</strong></span> <span class='ocrx_word' id='word_1_147' title='bbox 426 1660 482 1713; x_wconf 91' lang='lat' dir='ltr'><strong>est.</strong></span> <span class='ocrx_word' id='word_1_148' title='bbox 514 1655 557 1713; x_wconf 90' lang='lat' dir='ltr'><strong>illi</strong></span> <span class='ocrx_word' id='word_1_149' title='bbox 577 1654 761 1714; x_wconf 86' lang='lat' dir='ltr'><strong>beneficium</strong></span> <span class='ocrx_word' id='word_1_150' title='bbox 783 1655 883 1729; x_wconf 89' lang='lat' dir='ltr'><strong>dedit,</strong></span> <span class='ocrx_word' id='word_1_151' title='bbox 907 1656 1041 1715; x_wconf 85' lang='lat' dir='ltr'><strong>dubitet</strong></span> 
     </span>
     <span class='ocr_line' id='line_1_19' title="bbox 52 1734 1070 1812; baseline 0.009 -18"><span class='ocrx_word' id='word_1_152' title='bbox 52 1734 160 1794; x_wconf 89' lang='lat' dir='ltr'><strong>mihi.“</strong></span> <span class='ocrx_word' id='word_1_153' title='bbox 186 1736 373 1796; x_wconf 87' lang='lat' dir='ltr'><strong>Beneficium</strong></span> <span class='ocrx_word' id='word_1_154' title='bbox 389 1744 444 1810; x_wconf 90' lang='lat' dir='ltr'><strong>est,</strong></span> <span class='ocrx_word' id='word_1_155' title='bbox 462 1739 545 1811; x_wconf 88' lang='lat' dir='ltr'><strong>quod</strong></span> <span class='ocrx_word' id='word_1_156' title='bbox 562 1739 630 1812; x_wconf 88' lang='lat' dir='ltr'><strong>quis</strong></span> <span class='ocrx_word' id='word_1_157' title='bbox 647 1755 708 1798; x_wconf 91' lang='lat' dir='ltr'><strong>non</strong></span> <span class='ocrx_word' id='word_1_158' title='bbox 725 1756 782 1798; x_wconf 91' lang='lat' dir='ltr'><strong>sua</strong></span> <span class='ocrx_word' id='word_1_159' title='bbox 797 1755 891 1799; x_wconf 88' lang='lat' dir='ltr'><strong>causa</strong></span> <span class='ocrx_word' id='word_1_160' title='bbox 907 1740 967 1812; x_wconf 78' lang='lat' dir='ltr'><strong>dat,</strong></span> <span class='ocrx_word' id='word_1_161' title='bbox 983 1739 1070 1804; x_wconf 75' lang='lat' dir='ltr'><strong>sedo</strong></span> 
     </span>
     <span class='ocr_line' id='line_1_20' title="bbox 52 1819 1040 1896; baseline 0.003 -17"><span class='ocrx_word' id='word_1_162' title='bbox 52 1820 125 1879; x_wconf 84' lang='lat' dir='ltr'><strong>eius</strong></span> <span class='ocrx_word' id='word_1_163' title='bbox 139 1819 189 1877; x_wconf 92' lang='lat' dir='ltr'><strong>cui</strong></span> <span class='ocrx_word' id='word_1_164' title='bbox 203 1820 263 1879; x_wconf 85' lang='lat' dir='ltr'><strong>dat</strong></span> <span class='ocrx_word' id='word_1_165' title='bbox 287 1822 314 1879; x_wconf 90' lang='lat' dir='ltr'><strong>is</strong></span> <span class='ocrx_word' id='word_1_166' title='bbox 331 1828 431 1880; x_wconf 91' lang='lat' dir='ltr'><strong>autem</strong></span> <span class='ocrx_word' id='word_1_167' title='bbox 447 1820 500 1894; x_wconf 86' lang='lat' dir='ltr'><strong>qui</strong></span> <span class='ocrx_word' id='word_1_168' title='bbox 514 1822 572 1880; x_wconf 90' lang='lat' dir='ltr'><strong>sibi</strong></span> <span class='ocrx_word' id='word_1_169' title='bbox 589 1822 771 1881; x_wconf 88' lang='lat' dir='ltr'><strong>beneficium</strong></span> <span class='ocrx_word' id='word_1_170' title='bbox 786 1825 851 1896; x_wconf 91' lang='lat' dir='ltr'><strong>dat,</strong></span> <span class='ocrx_word' id='word_1_171' title='bbox 873 1839 928 1882; x_wconf 92' lang='lat' dir='ltr'><strong>sua</strong></span> <span class='ocrx_word' id='word_1_172' title='bbox 944 1839 1040 1882; x_wconf 89' lang='lat' dir='ltr'><strong>causa</strong></span> 
     </span>
     <span class='ocr_line' id='line_1_21' title="bbox 54 1904 569 1978; baseline 0 -16"><span class='ocrx_word' id='word_1_173' title='bbox 54 1904 126 1962; x_wconf 69' lang='lat' dir='ltr'><strong>dats</strong></span> <span class='ocrx_word' id='word_1_174' title='bbox 148 1918 209 1962; x_wconf 90' lang='lat' dir='ltr'><strong>non</strong></span> <span class='ocrx_word' id='word_1_175' title='bbox 225 1909 272 1962; x_wconf 89' lang='lat' dir='ltr'><strong>est</strong></span> <span class='ocrx_word' id='word_1_176' title='bbox 287 1920 360 1978; x_wconf 86' lang='lat' dir='ltr'><strong>ergo</strong></span> <span class='ocrx_word' id='word_1_177' title='bbox 376 1904 569 1963; x_wconf 85' lang='lat' dir='ltr'><strong>beneficium.</strong></span> 
     </span>
    </p>

    <p class='ocr_par' dir='ltr' id='par_1_3' title="bbox 53 1985 1067 2314">
     <span class='ocr_line' id='line_1_22' title="bbox 119 1985 1067 2064; baseline 0.008 -20"><span class='ocrx_word' id='word_1_178' title='bbox 119 1985 183 2044; x_wconf 85' lang='grc' dir='ltr'><strong>ΧΠ.</strong></span> <span class='ocrx_word' id='word_1_179' title='bbox 204 1987 322 2047; x_wconf 87' lang='lat' dir='ltr'><strong>Videor</strong></span> <span class='ocrx_word' id='word_1_180' title='bbox 336 1988 389 2047; x_wconf 90' lang='lat' dir='ltr'><strong>tibi</strong></span> <span class='ocrx_word' id='word_1_181' title='bbox 403 1988 463 2048; x_wconf 87' lang='lat' dir='ltr'><strong>iam</strong></span> <span class='ocrx_word' id='word_1_182' title='bbox 477 1990 563 2059; x_wconf 89' lang='lat' dir='ltr'><strong>illud,</strong></span> <span class='ocrx_word' id='word_1_183' title='bbox 581 1989 663 2064; x_wconf 90' lang='lat' dir='ltr'><strong>quod</strong></span> <span class='ocrx_word' id='word_1_184' title='bbox 680 1990 709 2047; x_wconf 92' lang='lat' dir='ltr'><strong>in</strong></span> <span class='ocrx_word' id='word_1_185' title='bbox 728 1987 877 2063; x_wconf 90' lang='lat' dir='ltr'><strong>principio</strong></span> <span class='ocrx_word' id='word_1_186' title='bbox 893 1988 1067 2063; x_wconf 84' lang='lat' dir='ltr'><strong>dixeram,l</strong></span> 
     </span>
     <span class='ocr_line' id='line_1_23' title="bbox 53 2068 1040 2147; baseline 0.001 -19"><span class='ocrx_word' id='word_1_187' title='bbox 53 2068 222 2128; x_wconf 73' lang='lat' dir='ltr'><strong>mentitus?</strong></span> <span class='ocrx_word' id='word_1_188' title='bbox 248 2071 330 2131; x_wconf 91' lang='lat' dir='ltr'><strong>Dicis</strong></span> <span class='ocrx_word' id='word_1_189' title='bbox 345 2088 394 2131; x_wconf 92' lang='lat' dir='ltr'><strong>me</strong></span> <span class='ocrx_word' id='word_1_190' title='bbox 405 2072 523 2133; x_wconf 89' lang='lat' dir='ltr'><strong>abesse</strong></span> <span class='ocrx_word' id='word_1_191' title='bbox 537 2073 576 2132; x_wconf 94' lang='lat' dir='ltr'><strong>ab</strong></span> <span class='ocrx_word' id='word_1_192' title='bbox 592 2088 638 2143; x_wconf 91' lang='lat' dir='ltr'><strong>eo,</strong></span> <span class='ocrx_word' id='word_1_193' title='bbox 655 2073 707 2146; x_wconf 90' lang='lat' dir='ltr'><strong>qui</strong></span> <span class='ocrx_word' id='word_1_194' title='bbox 720 2089 834 2147; x_wconf 86' lang='lat' dir='ltr'><strong>operae</strong></span> <span class='ocrx_word' id='word_1_195' title='bbox 850 2071 979 2147; x_wconf 88' lang='lat' dir='ltr'><strong>pretium</strong></span> <span class='ocrx_word' id='word_1_196' title='bbox 995 2072 1008 2129; x_wconf 86' lang='lat' dir='ltr'><strong>l</strong></span> <span class='ocrx_word' id='word_1_197' title='bbox 1025 2104 1040 2116; x_wconf 93' lang='lat'><strong>·</strong></span> 
     </span>
     <span class='ocr_line' id='line_1_24' title="bbox 54 2153 1038 2230; baseline 0.001 -18"><span class='ocrx_word' id='word_1_198' title='bbox 54 2154 112 2222; x_wconf 89' lang='lat' dir='ltr'><strong>cit,</strong></span> <span class='ocrx_word' id='word_1_199' title='bbox 134 2153 226 2213; x_wconf 91' lang='lat' dir='ltr'><strong>immo</strong></span> <span class='ocrx_word' id='word_1_200' title='bbox 248 2162 341 2215; x_wconf 87' lang='lat' dir='ltr'><strong>totam</strong></span> <span class='ocrx_word' id='word_1_201' title='bbox 363 2172 489 2230; x_wconf 86' lang='lat' dir='ltr'><strong>operam</strong></span> <span class='ocrx_word' id='word_1_202' title='bbox 509 2156 667 2217; x_wconf 87' lang='lat' dir='ltr'><strong>bonafide</strong></span> <span class='ocrx_word' id='word_1_203' title='bbox 684 2157 834 2230; x_wconf 76' lang='lat' dir='ltr'><strong>perderet</strong></span> <span class='ocrx_word' id='word_1_204' title='bbox 866 2157 1038 2230; x_wconf 82' lang='lat' dir='ltr'><strong>Exspecta:</strong></span> 
     </span>
     <span class='ocr_line' id='line_1_25' title="bbox 54 2236 1039 2314; baseline 0 -16"><span class='ocrx_word' id='word_1_205' title='bbox 54 2236 171 2311; x_wconf 78' lang='lat' dir='ltr'><strong>[citiam</strong></span> <span class='ocrx_word' id='word_1_206' title='bbox 186 2236 246 2297; x_wconf 89' lang='lat' dir='ltr'><strong>hoc</strong></span> <span class='ocrx_word' id='word_1_207' title='bbox 258 2241 360 2298; x_wconf 93' lang='lat' dir='ltr'><strong>verius</strong></span> <span class='ocrx_word' id='word_1_208' title='bbox 376 2240 477 2314; x_wconf 89' lang='lat' dir='ltr'><strong>dicas,</strong></span> <span class='ocrx_word' id='word_1_209' title='bbox 495 2240 583 2300; x_wconf 93' lang='lat' dir='ltr'><strong>simul</strong></span> <span class='ocrx_word' id='word_1_210' title='bbox 599 2256 635 2299; x_wconf 89' lang='lat' dir='ltr'><strong>ac</strong></span> <span class='ocrx_word' id='word_1_211' title='bbox 650 2249 679 2301; x_wconf 90' lang='lat' dir='ltr'><strong>te</strong></span> <span class='ocrx_word' id='word_1_212' title='bbox 695 2241 735 2299; x_wconf 92' lang='lat' dir='ltr'><strong>ad</strong></span> <span class='ocrx_word' id='word_1_213' title='bbox 750 2240 806 2299; x_wconf 88' lang='lat' dir='ltr'><strong>has</strong></span> <span class='ocrx_word' id='word_1_214' title='bbox 822 2240 953 2300; x_wconf 89' lang='lat' dir='ltr'><strong>latebras</strong></span> <span class='ocrx_word' id='word_1_215' title='bbox 969 2255 1039 2314; x_wconf 87' lang='lat' dir='ltr'><strong>per-</strong></span> 
     </span>
    </p>

    <p class='ocr_par' dir='ltr' id='par_1_4' title="bbox 29 2321 1067 2900">
     <span class='ocr_line' id='line_1_26' title="bbox 29 2321 1039 2399; baseline 0.004 -19"><span class='ocrx_word' id='word_1_216' title='bbox 29 2359 32 2363; x_wconf 86' lang='lat'>·</span> <span class='ocrx_word' id='word_1_217' title='bbox 55 2321 186 2394; x_wconf 83' lang='lat' dir='ltr'><strong>duxero,</strong></span> <span class='ocrx_word' id='word_1_218' title='bbox 204 2323 367 2397; x_wconf 85' lang='lat' dir='ltr'><strong>exquibus</strong></span> <span class='ocrx_word' id='word_1_219' title='bbox 384 2340 452 2382; x_wconf 90' lang='lat' dir='ltr'><strong>cum</strong></span> <span class='ocrx_word' id='word_1_220' title='bbox 470 2325 623 2395; x_wconf 82' lang='lat' dir='ltr'><strong>evaseris,</strong></span> <span class='ocrx_word' id='word_1_221' title='bbox 638 2323 710 2383; x_wconf 87' lang='lat' dir='ltr'><strong>nihil</strong></span> <span class='ocrx_word' id='word_1_222' title='bbox 726 2325 857 2399; x_wconf 88' lang='lat' dir='ltr'><strong>amplius</strong></span> <span class='ocrx_word' id='word_1_223' title='bbox 872 2325 1039 2384; x_wconf 89' lang='lat' dir='ltr'><strong>adsecutus</strong></span> 
     </span>
     <span class='ocr_line' id='line_1_27' title="bbox 55 2403 1041 2482; baseline 0.005 -20"><span class='ocrx_word' id='word_1_224' title='bbox 55 2403 135 2475; x_wconf 89' lang='lat' dir='ltr'><strong>eris,</strong></span> <span class='ocrx_word' id='word_1_225' title='bbox 160 2420 251 2479; x_wconf 87' lang='lat' dir='ltr'><strong>quam</strong></span> <span class='ocrx_word' id='word_1_226' title='bbox 271 2413 305 2467; x_wconf 89' lang='lat' dir='ltr'><strong>ut</strong></span> <span class='ocrx_word' id='word_1_227' title='bbox 326 2422 379 2466; x_wconf 89' lang='lat' dir='ltr'><strong>eas</strong></span> <span class='ocrx_word' id='word_1_228' title='bbox 403 2407 598 2467; x_wconf 81' lang='lat' dir='ltr'><strong>difficultates</strong></span> <span class='ocrx_word' id='word_1_229' title='bbox 620 2407 784 2482; x_wconf 84' lang='lat' dir='ltr'><strong>effugeris,</strong></span> <span class='ocrx_word' id='word_1_230' title='bbox 808 2409 838 2466; x_wconf 94' lang='lat' dir='ltr'><strong>in</strong></span> <span class='ocrx_word' id='word_1_231' title='bbox 860 2423 938 2481; x_wconf 87' lang='lat' dir='ltr'><strong>quas</strong></span> <span class='ocrx_word' id='word_1_232' title='bbox 956 2408 1041 2467; x_wconf 91' lang='lat' dir='ltr'><strong>licuit</strong></span> 
     </span>
     <span class='ocr_line' id='line_1_28' title="bbox 55 2484 1067 2563; baseline 0.001 -17"><span class='ocrx_word' id='word_1_233' title='bbox 55 2503 118 2548; x_wconf 93' lang='lat' dir='ltr'><strong>non</strong></span> <span class='ocrx_word' id='word_1_234' title='bbox 135 2484 336 2549; x_wconf 85' lang='lat' dir='ltr'><strong>descendere.</strong></span> <span class='ocrx_word' id='word_1_235' title='bbox 373 2489 450 2562; x_wconf 82' lang='lat' dir='ltr'><strong>Quid</strong></span> <span class='ocrx_word' id='word_1_236' title='bbox 469 2491 548 2549; x_wconf 93' lang='lat' dir='ltr'><strong>enim</strong></span> <span class='ocrx_word' id='word_1_237' title='bbox 564 2492 635 2551; x_wconf 92' lang='lat' dir='ltr'><strong>boni</strong></span> <span class='ocrx_word' id='word_1_238' title='bbox 650 2499 697 2550; x_wconf 88' lang='lat' dir='ltr'><strong>est</strong></span> <span class='ocrx_word' id='word_1_239' title='bbox 713 2492 812 2550; x_wconf 92' lang='lat' dir='ltr'><strong>nodos</strong></span> <span class='ocrx_word' id='word_1_240' title='bbox 830 2504 963 2563; x_wconf 87' lang='lat' dir='ltr'><strong>operose</strong></span> <span class='ocrx_word' id='word_1_241' title='bbox 978 2491 1067 2553; x_wconf 81' lang='lat' dir='ltr'><strong>sol-2</strong></span> 
     </span>
     <span class='ocr_line' id='line_1_29' title="bbox 54 2572 1038 2648; baseline 0 -18"><span class='ocrx_word' id='word_1_242' title='bbox 54 2586 145 2644; x_wconf 88' lang='lat' dir='ltr'><strong>vere,</strong></span> <span class='ocrx_word' id='word_1_243' title='bbox 164 2588 243 2647; x_wconf 87' lang='lat' dir='ltr'><strong>quos</strong></span> <span class='ocrx_word' id='word_1_244' title='bbox 259 2573 327 2648; x_wconf 90' lang='lat' dir='ltr'><strong>ipse</strong></span> <span class='ocrx_word' id='word_1_245' title='bbox 341 2579 373 2632; x_wconf 94' lang='lat' dir='ltr'><strong>ut</strong></span> <span class='ocrx_word' id='word_1_246' title='bbox 389 2575 527 2634; x_wconf 88' lang='lat' dir='ltr'><strong>solveres</strong></span> <span class='ocrx_word' id='word_1_247' title='bbox 543 2575 676 2634; x_wconf 73' lang='lat' dir='ltr'><strong>leceris?</strong></span> <span class='ocrx_word' id='word_1_248' title='bbox 701 2573 764 2632; x_wconf 91' lang='lat' dir='ltr'><strong>Sed</strong></span> <span class='ocrx_word' id='word_1_249' title='bbox 780 2572 1038 2648; x_wconf 90' lang='lat' dir='ltr'><strong>quemadmodum</strong></span> 
     </span>
     <span class='ocr_line' id='line_1_30' title="bbox 57 2655 1040 2730; baseline 0.001 -15"><span class='ocrx_word' id='word_1_250' title='bbox 57 2655 210 2730; x_wconf 89' lang='lat' dir='ltr'><strong>quaedam</strong></span> <span class='ocrx_word' id='word_1_251' title='bbox 233 2657 263 2715; x_wconf 92' lang='lat' dir='ltr'><strong>in</strong></span> <span class='ocrx_word' id='word_1_252' title='bbox 284 2658 538 2717; x_wconf 87' lang='lat' dir='ltr'><strong>oblectamentum</strong></span> <span class='ocrx_word' id='word_1_253' title='bbox 559 2675 595 2717; x_wconf 89' lang='lat' dir='ltr'><strong>ac</strong></span> <span class='ocrx_word' id='word_1_254' title='bbox 615 2659 716 2718; x_wconf 92' lang='lat' dir='ltr'><strong>iocum</strong></span> <span class='ocrx_word' id='word_1_255' title='bbox 738 2657 784 2715; x_wconf 89' lang='lat' dir='ltr'><strong>sic</strong></span> <span class='ocrx_word' id='word_1_256' title='bbox 804 2656 981 2729; x_wconf 80' lang='lat' dir='ltr'><strong>inligantur,</strong></span> <span class='ocrx_word' id='word_1_257' title='bbox 1005 2664 1040 2716; x_wconf 91' lang='lat' dir='ltr'><strong>ut</strong></span> 
     </span>
     <span class='ocr_line' id='line_1_31' title="bbox 57 2738 1038 2815; baseline -0.001 -16"><span class='ocrx_word' id='word_1_258' title='bbox 57 2754 165 2799; x_wconf 85' lang='lat' dir='ltr'><strong>eorum</strong></span> <span class='ocrx_word' id='word_1_259' title='bbox 187 2740 298 2801; x_wconf 88' lang='lat' dir='ltr'><strong>solutio</strong></span> <span class='ocrx_word' id='word_1_260' title='bbox 322 2742 452 2815; x_wconf 89' lang='lat' dir='ltr'><strong>inperito</strong></span> <span class='ocrx_word' id='word_1_261' title='bbox 474 2741 606 2801; x_wconf 79' lang='lat' dir='ltr'><strong>difficilis</strong></span> <span class='ocrx_word' id='word_1_262' title='bbox 629 2742 682 2815; x_wconf 88' lang='lat' dir='ltr'><strong>sit,</strong></span> <span class='ocrx_word' id='word_1_263' title='bbox 706 2755 785 2815; x_wconf 90' lang='lat' dir='ltr'><strong>quae</strong></span> <span class='ocrx_word' id='word_1_264' title='bbox 801 2740 858 2809; x_wconf 86' lang='lat' dir='ltr'><strong>illi,</strong></span> <span class='ocrx_word' id='word_1_265' title='bbox 883 2739 934 2813; x_wconf 89' lang='lat' dir='ltr'><strong>qui</strong></span> <span class='ocrx_word' id='word_1_266' title='bbox 951 2738 1038 2813; x_wconf 71' lang='lat' dir='ltr'><strong>inpii</strong></span> 
     </span>
     <span class='ocr_line' id='line_1_32' title="bbox 58 2823 1038 2900; baseline 0.002 -19"><span class='ocrx_word' id='word_1_267' title='bbox 58 2823 134 2896; x_wconf 92' lang='lat' dir='ltr'><strong>cuit,</strong></span> <span class='ocrx_word' id='word_1_268' title='bbox 157 2824 224 2882; x_wconf 92' lang='lat' dir='ltr'><strong>sine</strong></span> <span class='ocrx_word' id='word_1_269' title='bbox 245 2827 306 2883; x_wconf 91' lang='lat' dir='ltr'><strong>ullo</strong></span> <span class='ocrx_word' id='word_1_270' title='bbox 328 2825 451 2898; x_wconf 88' lang='lat' dir='ltr'><strong>negotio</strong></span> <span class='ocrx_word' id='word_1_271' title='bbox 475 2833 575 2899; x_wconf 88' lang='lat' dir='ltr'><strong>paret,</strong></span> <span class='ocrx_word' id='word_1_272' title='bbox 597 2826 669 2900; x_wconf 87' lang='lat' dir='ltr'><strong>quia</strong></span> <span class='ocrx_word' id='word_1_273' title='bbox 691 2824 909 2883; x_wconf 88' lang='lat' dir='ltr'><strong>commissuras</strong></span> <span class='ocrx_word' id='word_1_274' title='bbox 932 2839 1038 2884; x_wconf 89' lang='lat' dir='ltr'><strong>eorum</strong></span> 
     </span>
    </p>
   </div>
   <div class='ocr_carea' id='block_1_3' title="bbox 56 2908 1041 3484">
    <p class='ocr_par' dir='ltr' id='par_1_5' title="bbox 56 2908 1041 3484">
     <span class='ocr_line' id='line_1_33' title="bbox 58 2908 1038 2989; baseline 0.003 -25"><span class='ocrx_word' id='word_1_275' title='bbox 58 2913 88 2965; x_wconf 91' lang='lat' dir='ltr'><strong>et</strong></span> <span class='ocrx_word' id='word_1_276' title='bbox 100 2923 205 2966; x_wconf 89' lang='lat' dir='ltr'><strong>moras</strong></span> <span class='ocrx_word' id='word_1_277' title='bbox 220 2908 319 2980; x_wconf 89' lang='lat' dir='ltr'><strong>novit,</strong></span> <span class='ocrx_word' id='word_1_278' title='bbox 343 2909 537 2968; x_wconf 91' lang='lat' dir='ltr'><strong>nihilominus</strong></span> <span class='ocrx_word' id='word_1_279' title='bbox 553 2910 604 2968; x_wconf 90' lang='lat' dir='ltr'><strong>illa</strong></span> <span class='ocrx_word' id='word_1_280' title='bbox 618 2908 730 2989; x_wconf 87' lang='lat' dir='ltr'><strong>habent</strong></span> <span class='ocrx_word' id='word_1_281' title='bbox 750 2908 883 2982; x_wconf 86' lang='lat' dir='ltr'><strong>aliquam</strong></span> <span class='ocrx_word' id='word_1_282' title='bbox 899 2909 1038 2982; x_wconf 89' lang='lat' dir='ltr'><strong>volupta-</strong></span> 
     </span>
     <span class='ocr_line' id='line_1_34' title="bbox 58 2990 1038 3065; baseline 0.003 -18"><span class='ocrx_word' id='word_1_283' title='bbox 58 2995 133 3049; x_wconf 82' lang='lat' dir='ltr'><strong>tem:</strong></span> <span class='ocrx_word' id='word_1_284' title='bbox 156 2998 303 3065; x_wconf 90' lang='lat' dir='ltr'><strong>temptant</strong></span> <span class='ocrx_word' id='word_1_285' title='bbox 316 2992 396 3051; x_wconf 92' lang='lat' dir='ltr'><strong>enim</strong></span> <span class='ocrx_word' id='word_1_286' title='bbox 412 3008 539 3052; x_wconf 88' lang='lat' dir='ltr'><strong>acumen</strong></span> <span class='ocrx_word' id='word_1_287' title='bbox 556 2993 724 3051; x_wconf 90' lang='lat' dir='ltr'><strong>animorum</strong></span> <span class='ocrx_word' id='word_1_288' title='bbox 737 3000 765 3052; x_wconf 87' lang='grc' dir='ltr'><strong>ει</strong></span> <span class='ocrx_word' id='word_1_289' title='bbox 778 2990 975 3052; x_wconf 89' lang='lat' dir='ltr'><strong>intentionem</strong></span> <span class='ocrx_word' id='word_1_290' title='bbox 986 3008 1038 3050; x_wconf 85' lang='lat' dir='ltr'><strong>ax-</strong></span> 
     </span>
     <span class='ocr_line' id='line_1_35' title="bbox 59 3073 1038 3151; baseline 0.003 -20"><span class='ocrx_word' id='word_1_291' title='bbox 59 3073 165 3134; x_wconf 82' lang='lat' dir='ltr'><strong>citant=</strong></span> <span class='ocrx_word' id='word_1_292' title='bbox 187 3075 228 3134; x_wconf 86' lang='lat' dir='ltr'><strong>ita</strong></span> <span class='ocrx_word' id='word_1_293' title='bbox 243 3075 334 3148; x_wconf 90' lang='lat' dir='ltr'><strong>haec,</strong></span> <span class='ocrx_word' id='word_1_294' title='bbox 359 3093 437 3151; x_wconf 89' lang='lat' dir='ltr'><strong>quae</strong></span> <span class='ocrx_word' id='word_1_295' title='bbox 453 3076 592 3136; x_wconf 85' lang='lat' dir='ltr'><strong>videntur</strong></span> <span class='ocrx_word' id='word_1_296' title='bbox 604 3077 712 3135; x_wconf 89' lang='lat' dir='ltr'><strong>callida</strong></span> <span class='ocrx_word' id='word_1_297' title='bbox 725 3084 755 3135; x_wconf 90' lang='lat' dir='ltr'><strong>et</strong></span> <span class='ocrx_word' id='word_1_298' title='bbox 764 3076 929 3145; x_wconf 88' lang='lat' dir='ltr'><strong>insidiosa,</strong></span> <span class='ocrx_word' id='word_1_299' title='bbox 950 3091 1038 3134; x_wconf 92' lang='lat' dir='ltr'><strong>secu·</strong></span> 
     </span>
     <span class='ocr_line' id='line_1_36' title="bbox 57 3157 1038 3235; baseline 0.002 -21"><span class='ocrx_word' id='word_1_300' title='bbox 57 3157 177 3217; x_wconf 88' lang='lat' dir='ltr'><strong>ritatem</strong></span> <span class='ocrx_word' id='word_1_301' title='bbox 192 3174 228 3218; x_wconf 90' lang='lat' dir='ltr'><strong>ac</strong></span> <span class='ocrx_word' id='word_1_302' title='bbox 244 3160 401 3233; x_wconf 88' lang='lat' dir='ltr'><strong>segnitiem</strong></span> <span class='ocrx_word' id='word_1_303' title='bbox 414 3159 543 3234; x_wconf 84' lang='lat' dir='ltr'><strong>ingeniis</strong></span> <span class='ocrx_word' id='word_1_304' title='bbox 556 3161 711 3232; x_wconf 88' lang='lat' dir='ltr'><strong>aulcrunt,</strong></span> <span class='ocrx_word' id='word_1_305' title='bbox 729 3161 840 3235; x_wconf 90' lang='lat' dir='ltr'><strong>quibus</strong></span> <span class='ocrx_word' id='word_1_306' title='bbox 853 3159 944 3217; x_wconf 93' lang='lat' dir='ltr'><strong>modo</strong></span> <span class='ocrx_word' id='word_1_307' title='bbox 958 3175 1038 3217; x_wconf 87' lang='lat' dir='ltr'><strong>cam·</strong></span> 
     </span>
     <span class='ocr_line' id='line_1_37' title="bbox 56 3242 1041 3317; baseline 0 -17"><span class='ocrx_word' id='word_1_308' title='bbox 56 3256 137 3315; x_wconf 89' lang='lat' dir='ltr'><strong>pus,</strong></span> <span class='ocrx_word' id='word_1_309' title='bbox 164 3242 195 3300; x_wconf 92' lang='lat' dir='ltr'><strong>in</strong></span> <span class='ocrx_word' id='word_1_310' title='bbox 223 3257 284 3317; x_wconf 88' lang='lat' dir='ltr'><strong>quo</strong></span> <span class='ocrx_word' id='word_1_311' title='bbox 312 3250 473 3316; x_wconf 85' lang='lat' dir='ltr'><strong>vagentur,</strong></span> <span class='ocrx_word' id='word_1_312' title='bbox 504 3245 686 3304; x_wconf 89' lang='lat' dir='ltr'><strong>sternendus</strong></span> <span class='ocrx_word' id='word_1_313' title='bbox 712 3252 777 3316; x_wconf 83' lang='lat' dir='ltr'><strong>est,</strong></span> <span class='ocrx_word' id='word_1_314' title='bbox 806 3243 897 3302; x_wconf 92' lang='lat' dir='ltr'><strong>modo</strong></span> <span class='ocrx_word' id='word_1_315' title='bbox 922 3243 1041 3316; x_wconf 87' lang='lat' dir='ltr'><strong>creperi</strong></span> 
     </span>
     <span class='ocr_line' id='line_1_38' title="bbox 58 3322 1037 3402; baseline -0.002 -19"><span class='ocrx_word' id='word_1_316' title='bbox 58 3325 174 3399; x_wconf 87' lang='lat' dir='ltr'><strong>aliquid</strong></span> <span class='ocrx_word' id='word_1_317' title='bbox 185 3333 215 3387; x_wconf 90' lang='grc' dir='ltr'><strong>ει</strong></span> <span class='ocrx_word' id='word_1_318' title='bbox 227 3327 400 3400; x_wconf 79' lang='lat' dir='ltr'><strong>confragosi</strong></span> <span class='ocrx_word' id='word_1_319' title='bbox 413 3327 616 3402; x_wconf 88' lang='lat' dir='ltr'><strong>obiciendum,</strong></span> <span class='ocrx_word' id='word_1_320' title='bbox 631 3343 685 3402; x_wconf 89' lang='lat' dir='ltr'><strong>per</strong></span> <span class='ocrx_word' id='word_1_321' title='bbox 702 3327 786 3402; x_wconf 90' lang='lat' dir='ltr'><strong>quod</strong></span> <span class='ocrx_word' id='word_1_322' title='bbox 798 3331 925 3400; x_wconf 86' lang='lat' dir='ltr'><strong>crepant</strong></span> <span class='ocrx_word' id='word_1_323' title='bbox 934 3331 966 3385; x_wconf 83' lang='lat' dir='ltr'><strong>et</strong></span> <span class='ocrx_word' id='word_1_324' title='bbox 975 3322 1037 3383; x_wconf 89' lang='lat' dir='ltr'><strong>soi-</strong></span> 
     </span>
     <span class='ocr_line' id='line_1_39' title="bbox 57 3405 454 3484; baseline 0.013 -20"><span class='ocrx_word' id='word_1_325' title='bbox 57 3405 140 3469; x_wconf 87' lang='lat' dir='ltr'><strong>licitc</strong></span> <span class='ocrx_word' id='word_1_326' title='bbox 156 3408 318 3484; x_wconf 83' lang='lat' dir='ltr'><strong>vestigium</strong></span> <span class='ocrx_word' id='word_1_327' title='bbox 333 3412 454 3470; x_wconf 85' lang='lat' dir='ltr'><strong>saciant.</strong></span> 
     </span>
    </p>
   </div>
   <div class='ocr_carea' id='block_1_4' title="bbox 0 0 1186 3840">
    <p class='ocr_par' dir='ltr' id='par_1_6' title="bbox 0 0 1186 3840">
     <span class='ocr_line' id='line_1_40' title="bbox 0 0 1186 3840; baseline 0 0"><span class='ocrx_word' id='word_1_328' title='bbox 0 0 1186 3840; x_wconf 95' lang='lat' dir='ltr'><strong> </strong></span> 
     </span>
    </p>
   </div>
  </div>
 </body>
</html>
