2364 3840
302 164 441 224 namn.
457 164 619 237 onnnsr.
640 166 712 224 ma.
728 168 778 225 vr.
801 178 826 227 1.
839 177 864 228 a
1006 167 1069 232 273

87 316 155 391 Ego
171 330 247 375 vero
264 314 325 374 hoe
338 313 441 389 ipsum
458 314 558 374 solatii
573 317 642 376 loco
657 333 755 390 pono,
777 325 807 377 ct
829 319 952 393 quidem
963 322 1067 380 valen·

88 399 215 472 tissimi,
239 399 383 474 quoniam
406 398 528 472 quidem
550 398 617 458 sine
639 401 773 460 remedio
789 403 879 461 timor
894 404 993 463 stultis
1010 395 1084 464 cst*

89 484 166 544 ratio
182 490 331 542 terrorem
349 482 548 556 prudentibus
561 483 693 554 excutit,
711 481 946 558 inprudentibus
958 503 1069 562 magna

89 567 124 628 fit
136 583 176 626 ex
191 567 407 641 desperatione
423 567 581 625 securitas.
611 567 678 626 Hoc
693 568 796 642 itaque
811 572 915 642 generi
931 570 1065 631 humano
1082 582 1099 634 2

90 651 204 712 dictum
224 658 312 725 puta,
338 649 421 724 quod
441 649 499 708 illis
521 648 622 710 subita
645 652 819 725 captivitate
843 653 921 712 inter
936 653 1022 728 ignes
1039 662 1069 714 et

90 734 213 797 hostem
227 734 421 808 stupentibus
438 733 551 792 dictum
567 740 629 793 est:

247 817 312 878 Uno
326 821 408 879 salas
421 820 503 877 nictis
517 822 630 877 nnllam
644 836 769 894 sperare
782 823 914 879 salntem.

93 901 132 962 Si
155 902 277 961 vultis
300 900 397 960 nihil
417 901 566 971 timere,
589 903 1005 975 cogitateomniaesse
1021 905 1101 970 ti-tt

91 986 235 1046 menda.
259 984 488 1059 circumspicite
501 985 721 1059 quamlevibus
737 987 839 1045 causis
856 987 1067 1048 discutiamur=

90 1086 152 1131 non
174 1069 261 1129 cibus
281 1068 385 1141 nobiS,
408 1085 469 1128 non
485 1068 609 1140 humor,
634 1085 694 1127 non
715 1069 831 1143 vigilia,
858 1087 919 1129 non
940 1089 1068 1133 somnus
1122 1101 1125 1106 ·

90 1153 158 1213 sine
173 1168 318 1212 mensura
334 1153 466 1227 quadam
483 1152 618 1211 salubria
634 1161 719 1212 sunt:
742 1152 801 1211 iam
817 1153 998 1227 intellegetis
1013 1174 1067 1216 nu-

88 1237 208 1311 gatoria
230 1252 300 1296 esse
322 1237 450 1312 nos[tra]
473 1244 502 1294 et
530 1234 672 1296 Inbecilla
699 1252 845 1310 corpora,
871 1235 980 1307 fluida,
1008 1256 1068 1299 non

90 1335 201 1394 magna
223 1319 378 1380 molitione
393 1319 559 1394 perdenda.
594 1318 666 1378 Sine
678 1321 770 1379 dubio
787 1321 817 1379 id
832 1337 925 1380 unum
940 1322 1067 1395 periculi

89 1403 179 1465 nobis
196 1403 269 1463 salis
286 1410 384 1476 esset,
408 1403 492 1478 quod
507 1411 637 1464 tremunt
650 1411 764 1477 terrae,
788 1405 872 1479 quod
888 1405 988 1464 subito
1005 1406 1067 1464 dis-

90 1485 231 1561 sipantur
254 1503 290 1546 ac
315 1488 512 1562 superposita
533 1487 698 1548 deducunt.
730 1488 833 1563 Magni
858 1504 892 1547 se
919 1490 1100 1562 aestimate

91 1571 143 1646 qni
166 1570 291 1630 fulmina
313 1578 343 1631 et
356 1580 457 1632 motus
473 1579 619 1631 terrarum
640 1572 803 1648 hiatusque
824 1572 979 1633 formidat:
1005 1575 1069 1631 vult

89 1657 139 1715 ille
163 1654 367 1714 inbecillitatis
390 1655 448 1715 sibi
469 1671 545 1715 suae
570 1658 715 1717 conscius
727 1657 832 1717 timere
849 1656 1006 1732 pituitam?
1028 1657 1069 1715 ila

88 1736 234 1799 videlicet
247 1740 308 1797 nati
324 1755 445 1813 sumus,
470 1746 529 1798 tam
546 1739 646 1816 felicia
661 1742 757 1799 sortiti
773 1740 924 1813 membra,
945 1741 973 1799 in
990 1740 1068 1800 hanc

89 1821 329 1896 magnitudinem
352 1824 518 1883 crevimus:
541 1830 571 1882 et
592 1824 631 1883 ob
652 1823 712 1881 hoc
735 1824 793 1882 nisi
809 1825 913 1882 mundi
930 1825 1068 1897 partibus

88 1905 196 1980 motis,
208 1905 268 1965 nisi
281 1908 398 1967 coelum
412 1906 588 1979 intonuerit,
599 1907 657 1967 nisi
669 1914 749 1966 tcrra
763 1907 950 1978 subsederit,
967 1907 1068 1980 perire
1166 1976 1172 1986 ‚

91 2006 153 2049 non
166 1997 356 2064 possumus?
375 1989 537 2064 Unguiculi
552 2005 609 2049 nos
626 1998 655 2049 et
669 2005 708 2048 ne
723 1990 816 2050 totius
829 1990 951 2063 quidem
968 1990 1065 2062 dolor,
1083 1997 1099 2048 5

89 2073 145 2132 sed
161 2071 265 2147 aliqua
279 2073 317 2133 ab
335 2075 429 2133 latere
444 2076 510 2133 eius
523 2072 660 2132 scissura
677 2073 813 2133 conficit:
830 2080 860 2132 et
875 2088 933 2146 ego
946 2074 1066 2132 timeam

75 2164 188 2237 'terras
203 2165 382 2230 trementes,
401 2173 490 2232 quern
506 2157 640 2216 crassior
654 2157 749 2216 saliva
765 2157 918 2217 suffocat?
940 2173 997 2231 ego
1015 2174 1066 2216 cx·

47 2288 51 2295 .
89 2241 248 2301 timescam
270 2248 402 2301 emotum
423 2242 549 2301 sedibus
572 2242 636 2301 suis
659 2257 756 2315 marc,
779 2249 809 2301 ct
830 2258 868 2301 ne
883 2248 988 2301 aestus
1004 2258 1066 2301 rna-

87 2325 153 2384 iore
165 2340 257 2399 qnam
272 2327 351 2385 solet
368 2341 460 2384 cursu
477 2327 546 2400 plus
559 2342 706 2400 aquarum
719 2325 843 2385 trahens
859 2325 1067 2399 superveniat,

89 2423 158 2469 curn
172 2409 323 2483 quosdam
336 2409 570 2482 strangulaverit
584 2410 666 2482 potio
679 2411 757 2468 male
772 2411 859 2482 lapsa
873 2425 928 2482 per
941 2411 1067 2468 fauces?

89 2508 181 2567 quam
203 2494 325 2553 stultum
348 2499 395 2551 est
415 2507 499 2551 mare
520 2490 663 2565 horrere,
686 2508 754 2551 earm
772 2492 923 2551 stillicidio
940 2492 1020 2549 scias
1036 2498 1066 2549 te

87 2591 184 2651 posse
209 2577 326 2653 perire!
364 2575 485 2635 Nullum
511 2577 650 2636 solatium
673 2576 769 2634 maius
792 2582 839 2632 est
852 2574 958 2632 mortis
976 2581 1099 2647 quamd

87 2658 158 2735 ipsa
173 2659 350 2720 mortalitas.
364 2661 485 2719 nullum
498 2667 598 2719 autem
612 2658 744 2719 omnium
759 2658 901 2729 istorum,
919 2673 997 2731 quae
1014 2673 1066 2714 ex·

86 2744 240 2805 trinsecus
262 2751 390 2816 terrent,
418 2760 508 2818 qnam
531 2744 615 2817 quod
636 2740 866 2801 innumerabilia
883 2741 1018 2814 pericula
1036 2740 1066 2800 in

87 2827 156 2902 ipso
179 2827 249 2888 sinu
272 2833 351 2886 sunt.
386 2826 460 2901 quid
482 2827 561 2885 enirn
582 2826 752 2884 dementius
775 2840 864 2899 qnam
882 2825 919 2884 ad
936 2825 1068 2884 tonitrua

86 2909 249 2971 succidere
264 2927 294 2970 er
308 2911 366 2970 sub
382 2917 493 2970 terram
509 2925 672 2984 correpere
688 2909 844 2969 fulminum
858 2917 964 2968 metu?
993 2909 1066 2983 quid

88 2993 210 3055 stultius
226 3011 317 3070 quam
333 2994 438 3054 timere
462 2995 648 3054 notationem
663 3002 715 3053 aut
730 2993 848 3052 subitos
864 2995 1010 3053 montium
1024 2995 1067 3051 la-

87 3095 166 3152 psus
188 3086 218 3138 et
236 3077 426 3153 inruptiones
448 3079 541 3137 maris
604 3084 648 3136 tra
671 3078 739 3136 litus
762 3077 866 3149 eiecti,
894 3094 962 3137 cnm
984 3093 1067 3137 mors

87 3162 205 3236 ubique
227 3170 349 3236 praesto
372 3164 411 3222 sit
434 3170 464 3222 et
485 3163 558 3222 undr
583 3179 621 3222 ue
637 3169 777 3221 occurrat
797 3162 933 3237 nihilque
954 3160 993 3219 sit
1007 3168 1067 3218 tam

88 3245 244 3320 exiguum,
258 3246 340 3320 quod
356 3263 416 3307 non
433 3248 462 3306 in
477 3247 641 3320 perniciem
654 3247 776 3321 generis
790 3246 911 3306 humani
925 3245 999 3305 satis
1014 3260 1065 3302 va-

87 3329 170 3389 leat?
200 3329 290 3389 Adeo
313 3346 373 3389 non
396 3330 508 3390 debent
526 3346 582 3390 nos
604 3328 663 3391 ista
679 3331 884 3403 confundere,
911 3332 1097 3402 tamquam?

89 3411 160 3487 plus
183 3413 253 3472 mali
275 3412 357 3488 inse
373 3407 505 3475 habe'ant
519 3431 610 3490 qnam
625 3416 760 3489 volgaris
776 3430 876 3486 mom,
899 3421 932 3474 ut
953 3418 1067 3491 contra,

131 3515 233 3556 carnei.
252 3515 322 3556 anu.
344 3501 374 3557 ΙΙ.
882 3502 923 3579 ¹23,
