2364 3840
92 197 132 260 12
374 191 408 249 L.
428 185 573 248 Ansam
595 183 770 243 SEbECAE

90 349 211 408 bentius
231 342 354 405 donabo
369 344 525 412 argentum
540 334 650 392 tactum
666 351 756 408 quam
773 336 942 409 signatum,
966 339 1055 400 liben

89 434 149 492 tius
172 439 289 491 statuas
310 438 401 498 quam
421 426 537 477 resoem
558 425 588 475 et
608 418 692 491 quod
713 434 790 477 usus
812 419 915 478 brevis
933 421 1071 483 deterat

88 516 182 590 Apud
205 523 320 587 pancos
335 509 407 578 post
419 516 484 559 rem
498 508 600 558 manet
613 501 725 572 gratia,
745 504 849 575 plures
866 512 955 574 sunt,
978 507 1069 580 apuu

89 614 169 673 quos
189 610 249 654 non
274 587 388 648 diutius
407 585 437 642 in
458 582 558 641 animo
584 592 656 642 sunt
675 585 788 643 donata
808 601 901 658 quam
928 588 960 645 in
988 606 1073 650 usuz.

87 696 176 755 orgo,
199 676 226 735 si
240 672 305 732 lteri
319 673 436 743 potest,
453 665 592 724 consumi
604 683 716 725 munus
727 683 827 726 meum
840 670 923 730 nolo.
949 680 1066 745 exstet,

56 766 209 828 eliderent
227 755 325 816 amico
340 765 427 822 meo,
449 750 601 807 convivat
634 749 729 808 Nemo
745 760 806 810 tam
821 754 933 812 stultus
948 762 1015 826 cst,
1033 764 1069 817 ut

86 839 257 906 monendus
272 836 321 906 sit,
335 848 375 892 ne
390 831 440 892 cui
454 831 640 905 gladiatores
655 839 707 891 aut
718 835 911 894 i'enationcm
923 837 986 896 iam
998 856 1065 898 mu·

86 942 159 987 nere
178 920 260 980 edito
282 917 379 977 mittat
398 923 429 974 et
448 915 631 974 vestimenta
650 918 768 974 aestiva
787 918 910 991 bruma,
931 919 1066 982 hiberna

85 1005 230 1069 solstitio:
253 1000 293 1060 sit
311 1001 342 1058 in
356 997 508 1058 beneficio
524 1014 637 1058 sensus
653 1001 831 1060 conimnnis.
854 1009 994 1077 tempus,
1017 1006 1063 1066 lo-

85 1106 153 1151 cunt
165 1086 324 1155 observet,
345 1088 509 1157 [personas
517 1083 538 1159 ,]
553 1083 624 1155 quia
637 1084 797 1143 momentis
810 1085 963 1157 quaedam
974 1098 1065 1161 grata

84 1182 114 1233 ot
133 1173 249 1244 ingrata
264 1174 344 1224 sunt
372 1172 487 1238 quanto
503 1165 659 1238 acceptius
675 1174 737 1238 est,
759 1167 787 1224 si
803 1169 834 1226 id
849 1169 960 1228 damus
977 1173 1065 1246 quod

85 1255 154 1330 quis
177 1267 237 1310 non
257 1248 348 1307 babet
368 1264 460 1322 quam
484 1249 571 1307 cuius
597 1249 687 1322 copia
710 1249 868 1310 abundat?
899 1254 985 1326 quod
1010 1255 1069 1315 diu

54 1351 72 1403 4
86 1335 203 1413 quaerit
217 1347 274 1392 nec
288 1332 403 1390 invenit
418 1347 508 1404 quani
524 1332 607 1404 quod
621 1331 736 1407 ubique
750 1334 873 1392 visurus
889 1343 958 1394 est?
994 1337 1062 1398 Mu-

84 1436 158 1482 nera
178 1433 238 1476 non
256 1423 316 1473 tam
330 1415 467 1487 pretiosa
482 1431 572 1488 quam
584 1431 654 1474 rara
668 1422 699 1474 et
712 1416 865 1490 exquisita
880 1417 954 1490 sint,
981 1437 1068 1495 quae

84 1505 172 1564 etiam
188 1498 270 1574 apud
287 1497 410 1556 divitem
424 1496 473 1556 sui
487 1499 588 1557 locum
603 1498 728 1571 faciant,
744 1500 823 1560 sieut
833 1502 971 1575 gregalia
984 1521 1062 1579 quo-

84 1601 144 1662 que
156 1599 248 1657 poma
260 1587 291 1640 et
301 1588 374 1656 post
384 1595 503 1655 paucos
515 1581 582 1640 dies
594 1583 672 1641 itura
684 1584 713 1641 in
727 1582 882 1643 fastidium
894 1584 1064 1660 delectant,

84 1671 109 1730 si
123 1680 293 1743 provenere
305 1665 461 1723 maturius.
478 1665 529 1724 illa
542 1681 666 1740 quoque
678 1682 740 1725 non
751 1675 839 1727 erunt
850 1667 917 1727 sine
928 1668 1068 1747 honore,

84 1766 163 1827 quoe
178 1756 230 1808 aut
243 1763 333 1807 nemo
348 1747 407 1807 illis
422 1748 499 1807 alius
514 1749 598 1808 dedit
612 1756 663 1808 aut
677 1765 735 1809 nos
749 1751 823 1810 nulli
837 1751 897 1809 alii.

55 1851 70 1902 1
144 1832 221 1890 Xlll.
236 1831 414 1891 Alexandro
426 1831 596 1905 Macedoni,
610 1849 679 1891 oum
689 1835 787 1893 victor
798 1833 924 1894 orientis
937 1839 1063 1899 animos

83 1932 178 1990 supra
203 1915 335 1975 humana
360 1915 494 1988 tolleret,
522 1916 667 1976 Corinthii
691 1933 747 1990 per
773 1916 891 1989 legatos
917 1924 1063 1994 gratulati

84 2008 154 2062 sunt
165 2006 195 2057 et
206 1999 326 2057 civitate
337 1996 421 2057 illurn
433 1998 697 2059 suadonaverunt.
721 1998 1063 2066 cumnisissetAlexan-

84 2086 139 2145 der
152 2082 212 2141 hoc
229 2081 322 2140 officii
336 2097 449 2156 genuS,
466 2096 544 2140 unus
556 2096 595 2138 cx
609 2079 734 2151 legatis,
748 2083 837 2150 tratti,
855 2082 964 2160 inquit,
982 2093 1065 2150 civi-

83 2175 169 2229 tatem
189 2181 329 2239 umquam
348 2167 483 2226 dedimus
502 2166 561 2242 olii
580 2178 668 2236 quom
688 2162 741 2220 titi
757 2168 786 2221 et
797 2163 931 2229 Herculi.
957 2172 1065 2234 libens

84 2249 204 2322 accepit
215 2249 346 2308 delatum
358 2249 544 2308 honoremet
554 2246 671 2318 legatos
683 2243 857 2307 invitatione
867 2251 990 2327 aliaque
1003 2257 1061 2317 hu·

83 2334 225 2392 nranitate
247 2339 429 2406 prosecutus
451 2326 595 2402 cogitavit
613 2341 674 2384 non
690 2328 741 2400 qui
758 2329 816 2389 sibi
832 2334 985 2396 civitatem
1005 2341 1060 2400 da·

54 2424 164 2489 orent,
187 2417 243 2475 sed
260 2416 307 2475 cui
323 2415 491 2475 dedissent.
527 2410 564 2468 Et
577 2408 668 2468 homo
684 2412 799 2482 gloriae
814 2416 950 2492 deditus,
968 2423 1065 2484 cuius

83 2517 140 2561 neo
161 2508 299 2561 naturam
323 2513 380 2556 nec
405 2494 528 2555 modurn
552 2499 697 2563 noverat,
727 2495 865 2558 Herculis
889 2502 1064 2579 Liberique

84 2585 211 2659 vestigia
223 2597 358 2657 sequens
373 2594 409 2637 ac
425 2591 463 2634 ne
478 2575 518 2666 ibi
530 2573 653 2647 quidem
665 2576 821 2653 resistens,
838 2583 889 2641 ubi
905 2586 957 2644 illa
972 2588 1029 2648 del
1051 2622 1060 2632 ·

83 2674 202 2739 corant,
223 2667 262 2724 ad
279 2665 395 2724 socium
410 2660 536 2718 honoris
552 2657 600 2714 sui
613 2660 751 2731 respexit
765 2678 783 2721 a
799 2664 956 2741 dantibus,
979 2678 1059 2731 tam-

83 2766 174 2824 quam
191 2750 325 2818 coelum‚
347 2742 429 2819 quod
444 2739 722 2802 rnentevanissiina
738 2748 994 2825 conplectebatur,
1014 2765 1059 2815 te·

56 2838 182 2901 oneret,
213 2829 284 2904 quia
303 2825 425 2887 Herculi
446 2822 642 2896 aequabatur.
686 2825 764 2898 Quid
786 2831 865 2890 enirn
883 2833 934 2892 ille
956 2837 1063 2898 simile

82 2915 214 2974 habebat
229 2925 362 2970 vesanus
378 2906 570 2978 adulescens,
587 2905 634 2964 cui
652 2924 706 2981 pro
720 2912 829 2973 virtute
844 2925 909 2976 erat
924 2918 999 2978 felix
1012 2928 1058 2981 te·

81 2998 225 3056 meritust
246 2991 394 3053 Hercules
411 2986 484 3047 nihil
500 2989 556 3048 sibi
571 2988 657 3049 vicit:
680 2993 784 3054 orbern
795 3004 941 3059 terrarum
954 3010 1058 3064 trans·

70 3081 134 3138 -ivit
150 3095 211 3138 non
228 3071 491 3147 concupiscendo,
520 3073 577 3130 sed
600 3073 793 3138 vindicando.
823 3083 896 3156 quid
917 3085 1060 3150 vinceret

80 3164 229 3220 malorum
249 3157 367 3228 hostis,
397 3155 547 3214 bonorum
568 3156 700 3230 vindex,
728 3168 873 3224 terrarum
895 3169 1059 3245 marisque

83 3249 229 3320 pacator?
258 3242 299 3297 At
310 3238 358 3296 hic
371 3253 388 3296 a
398 3237 526 3312 pucritia
537 3238 614 3299 latro
626 3243 821 3319 gentiumque
831 3257 975 3324 vastator,
992 3260 1057 3314 tarn

80 3327 213 3387 hostium
229 3319 381 3395 pernicies
397 3336 487 3395 quam
503 3319 682 3394 amicorum,
707 3328 759 3401 qui
773 3347 921 3391 summum
937 3335 1057 3397 bonurn

23 3420 45 3461 1
81 3411 206 3471 duceret
219 3404 327 3464 terrori
343 3420 415 3464 esse
429 3403 546 3465 cunctis
558 3408 749 3483 mortalibuS,
773 3413 883 3477 oblitus
896 3432 957 3475 non
971 3420 1054 3480 lero·
