2364 3840
168 160 231 229 258
452 161 485 219 L.
504 161 652 219 namt
672 160 848 222 SENECAE

167 314 310 374 stantium
331 312 456 388 eripiat,
479 312 563 387 quod
586 327 646 372 non
668 313 818 386 eveniret,
841 311 900 372 nisi
915 314 946 373 in
961 329 1092 388 parrum
1106 317 1148 379 ln·

168 416 236 459 curn
258 412 439 471 corporosa
455 397 546 457 multa
562 396 778 471 conpellerent
799 397 884 471 atqui
898 398 1016 459 nullum
1029 407 1147 474 tempus

137 482 263 557 imagis
279 497 370 556 quam
392 481 574 540 nebulosum
595 487 678 539 caret
693 488 796 540 vento.
830 480 930 541 Adice
945 497 1043 554 nunc,
1068 485 1147 558 quod

168 582 186 625 e
201 566 354 625 contrario
370 566 486 637 evenit,
510 572 541 623 ιιι
556 565 604 622 sol
618 565 796 625 matutinum
811 567 883 623 aera
898 564 1036 639 spissum
1052 574 1083 626 et
1097 567 1147 627 hu·

167 650 290 708 midam·
304 656 372 708 ortn
393 664 449 707 suo
475 653 597 706 tenuat:
632 656 701 708 tune
721 646 818 721 surgit
841 664 932 721 aura,
957 665 1027 709 cum
1048 650 1147 711 datum

168 741 216 793 est
235 734 439 791 laxamentum
460 731 643 805 corporibus
664 737 695 791 et
714 731 837 806 stipatio
857 731 980 792 illorum
1000 749 1039 792 ac
1064 734 1146 794 turba

168 818 305 876 resoluta
319 823 376 873 est.

142 909 155 958 1
233 900 282 956 lV.
318 896 421 970 „Quo
454 897 565 957 modo
597 913 705 972 ergo,
741 899 858 973 inquis,
894 898 998 959 liunt
1029 903 1144 972 venti,

168 981 311 1056 quoniam
328 979 386 1039 hoc
404 981 519 1058 [modo]
535 996 631 1055 negas
645 981 754 1041 ιίοιίιιι
781 981 848 1042 llon
862 998 924 1042 nno
940 983 1052 1044 modo:
1072 984 1143 1044 alias

167 1066 246 1124 enim
263 1072 343 1124 terra
355 1064 424 1139 ipsa
435 1066 495 1123 vim
508 1080 648 1139 magnam
659 1066 740 1126 aeris
752 1066 822 1126 eicit
831 1073 862 1124 et
871 1082 910 1124 ex
923 1066 1031 1127 abdito
1043 1069 1143 1142 spirat

167 1149 242 1209 alias
256 1165 324 1208 cum
338 1164 446 1223 magna
459 1157 489 1209 et
501 1150 644 1210 continua
658 1165 697 1209 ex
712 1150 796 1210 *imo
812 1149 993 1225 evaporatio
1009 1152 1042 1211 in
1057 1154 1143 1212 altum

168 1232 229 1307 egit
246 1250 325 1307 quae
345 1232 503 1305 emIserat,
526 1234 681 1292 inmutatio
701 1234 771 1309 ipsa
791 1233 903 1293 halitus
924 1233 1010 1295 mixti
1028 1236 1059 1295 in
1074 1250 1144 1294 ven·

138 1326 229 1378 atum
251 1317 386 1377 vertitur.
427 1318 503 1377 lllod
525 1317 605 1376 enim
627 1333 728 1392 neque
745 1324 779 1378 ut
793 1317 915 1378 credam
930 1317 1004 1377 milri
1019 1334 1143 1394 persua-

168 1401 232 1462 deri
255 1410 357 1477 potest
371 1416 473 1475 neque
487 1409 520 1460 ιιι
535 1409 666 1461 taceam:
691 1402 847 1476 quomodo
862 1402 891 1460 in
907 1402 1023 1462 nostris
1037 1417 1143 1478 corpo·

166 1487 252 1545 ribus
274 1486 342 1545 cibo
365 1484 398 1544 llt
417 1483 550 1557 inflatio,
571 1500 651 1559 quae
671 1501 733 1545 non
756 1486 951 1560 sinemagna
966 1487 1086 1546 narium
1102 1486 1142 1545 in·

167 1571 244 1629 iuria
265 1567 408 1627 emittitur
429 1574 459 1627 et
478 1575 613 1627 ventrem
635 1568 784 1629 interdum
807 1584 877 1629 eum
892 1584 972 1629 sono
988 1577 1143 1643 exonerat,

167 1653 319 1712 interdum
341 1652 505 1712 secretius:
533 1651 580 1711 sic
599 1660 706 1727 putant
726 1661 756 1713 et
778 1653 857 1712 hanc
876 1668 1023 1727 magnam
1046 1668 1144 1713 rerum

166 1743 305 1795 naturam
320 1735 462 1796 alimenta
476 1744 639 1797 mutantem
654 1737 790 1797 emittere
805 1735 954 1811 spiritum.
991 1738 1079 1797 Bene
1093 1754 1143 1797 no·

166 1821 285 1879 biscum
303 1821 410 1895 agitur,
427 1820 512 1896 quod
526 1835 649 1895 semper
660 1821 826 1897 concoquit
836 1826 866 1880 cl
878 1820 925 1880 sic
936 1821 1058 1881 emittit=
1073 1821 1139 1881 alio

138 1905 240 1979 aquin
262 1905 437 1965 inmundius
460 1904 576 1979 aliquid
597 1904 781 1964 timeremus.
815 1903 971 1979 Numquid
991 1920 1067 1980 ergo
1089 1902 1144 1964 hoc

166 1989 270 2048 verius
292 1996 339 2048 est
360 1988 477 2061 dicere,
507 1988 599 2047 multa
622 1989 763 2047 exomni
785 1994 871 2062 parte
884 1993 1036 2047 terrarum
1050 1994 1082 2047 et
1094 1988 1143 2047 ad·

168 2072 258 2132 sidua
270 2071 340 2130 lerri
353 2073 551 2145 corpuscula,
568 2087 647 2145 quae
660 2087 728 2131 eum
739 2078 922 2132 coacervata
933 2079 1022 2146 sunt,
1037 2070 1143 2131 deinde

168 2155 326 2213 extenuari
347 2155 413 2213 sole
435 2154 606 2227 coeperint,
636 2155 709 2228 quia
730 2170 835 2228 omne,
858 2154 943 2229 quod
963 2156 995 2214 in
1016 2160 1142 2229 angusto

168 2236 318 2307 dilatatur,
343 2237 474 2310 spatium
489 2237 586 2295 maius
604 2237 773 2310 desiderat,
793 2245 905 2298 ventus
920 2234 1066 2299 exsistit?

140 2329 154 2380 1
228 2320 267 2376 V.
297 2318 375 2391 Quid
390 2326 485 2394 ergo?
505 2320 585 2378 hanc
600 2321 696 2381 solam
713 2338 784 2382 esse
800 2336 926 2381 causam
943 2323 1025 2389 venti
1043 2322 1143 2382 existi·

168 2419 233 2477 mo,
260 2419 407 2479 aquarum
423 2410 633 2478 terrarumque
648 2406 905 2481 evaporationes?
931 2420 972 2465 ex
986 2404 1036 2465 his
1049 2405 1143 2480 gravi-

167 2496 259 2549 tatem
281 2489 361 2548 oeris
379 2488 489 2548 deinde
512 2489 590 2549 solvi
610 2489 729 2563 inpetu,
757 2504 827 2548 eum
844 2504 925 2564 quae
940 2489 1041 2548 densa
1056 2496 1142 2549 stete

167 2579 249 2647 rant,
275 2580 308 2633 ιιι
330 2580 377 2633 est
397 2566 541 2646 necesse,
569 2580 731 2632 extenuata
755 2573 888 2633 nituntur
911 2570 943 2630 in
968 2572 1144 2646 ampliorem

168 2660 290 2717 locum?
326 2657 391 2732 Ego
408 2672 482 2717 vero
499 2664 529 2716 et
543 2655 622 2715 hanc
637 2655 756 2717 iudico:
779 2662 913 2716 ceterum
927 2655 979 2715 illa
994 2663 1043 2716 est
1058 2658 1143 2729 longe

168 2740 318 2801 valentior
335 2742 511 2815 veriorque,
531 2739 645 2798 habere
659 2742 732 2799 aera
748 2740 914 2799 naturalem
926 2740 989 2799 vim
1003 2735 1144 2799 movendi

169 2840 203 2884 se
225 2840 325 2899 neque
347 2825 470 2883 aliunde
491 2823 669 2898 concipere,
697 2823 753 2883 sed
773 2823 877 2883 inesse
902 2820 946 2881 illi
965 2829 1002 2882 ut
1021 2823 1143 2883 aliarum

139 2912 287 2980 trorum,
317 2908 357 2966 ita
378 2906 468 2968 huius
490 2908 665 2982 potentiam.
709 2909 757 2966 An
778 2906 837 2967 hoe
858 2905 1035 2981 existimas,
1057 2906 1143 2967 nobis

170 2989 292 3065 quidem
308 2989 506 3063 delusores,
527 2990 638 3065 quibus
654 3006 710 3052 nos
726 3004 934 3063 moveremus,
958 2992 1034 3050 aera
1047 2996 1143 3051 antem

168 3074 304 3133 relictum
328 3071 453 3131 inertem
468 3081 498 3131 et
518 3074 721 3148 inagitabilem
737 3081 829 3133 esset
851 3088 921 3134 cum
936 3088 1021 3149 aqua
1033 3082 1142 3135 motum

170 3172 258 3217 sunm
280 3155 390 3214 lrabeat
410 3156 499 3214 eliam
513 3158 612 3217 ventis
629 3158 867 3231 quiescentibus.
889 3159 1050 3218 nonenim
1064 3157 1143 3218 aliter

171 3239 311 3298 animalia
331 3237 423 3297 edere
444 3248 559 3313 posset.
588 3257 726 3301 museum
743 3257 867 3317 quoque
880 3240 1001 3301 innasci
1015 3241 1106 3318 aquis
1117 3244 1141 3296 et

169 3322 304 3381 herbosa
320 3320 468 3396 quaedam
485 3322 623 3383 videmus
638 3340 757 3386 summo
770 3340 875 3386 earum
890 3325 1067 3387 innatantia.
1093 3322 1141 3384 Est

169 3424 245 3482 ergo
262 3404 377 3482 aliquid
393 3403 422 3464 in
438 3420 518 3478 aqua
534 3406 631 3465 vitale.
