<?xml version="1.0" encoding="UTF-8"?>
<!DOCTYPE html PUBLIC "-//W3C//DTD XHTML 1.0 Transitional//EN"
    "http://www.w3.org/TR/xhtml1/DTD/xhtml1-transitional.dtd">
<html xmlns="http://www.w3.org/1999/xhtml" xml:lang="en" lang="en">
 <head>
  <title>
</title>
<meta http-equiv="Content-Type" content="text/html;charset=utf-8" />
  <meta name='ocr-system' content='tesseract 3.04.00' />
  <meta name='ocr-capabilities' content='ocr_page ocr_carea ocr_par ocr_line ocrx_word'/>
</head>
<body>
  <div class='ocr_page' id='page_1' title='image "./lannaeisenecaeo01senegoog_0245.png"; bbox 0 0 2364 3840; ppageno 0'>
   <div class='ocr_carea' id='block_1_1' title="bbox 402 425 800 511">
    <p class='ocr_par' dir='ltr' id='par_1_1' title="bbox 402 425 800 511">
     <span class='ocr_line' id='line_1_1' title="bbox 402 425 800 511; baseline 0.003 -1"><span class='ocrx_word' id='word_1_1' title='bbox 402 430 436 510; x_wconf 90' lang='lat' dir='ltr'><strong>l.</strong></span> <span class='ocrx_word' id='word_1_2' title='bbox 462 427 602 511; x_wconf 85' lang='lat' dir='ltr'><strong>llllll</strong></span> <span class='ocrx_word' id='word_1_3' title='bbox 629 425 800 511; x_wconf 83' lang='lat' dir='ltr'><strong>sllltll</strong></span> 
     </span>
    </p>
   </div>
   <div class='ocr_carea' id='block_1_2' title="bbox 469 578 734 631">
    <p class='ocr_par' dir='ltr' id='par_1_2' title="bbox 469 578 734 631">
     <span class='ocr_line' id='line_1_2' title="bbox 469 578 734 631; baseline 0 -2"><span class='ocrx_word' id='word_1_4' title='bbox 469 580 520 629; x_wconf 80' lang='grc' dir='ltr'><strong>ΑΙ)</strong></span> <span class='ocrx_word' id='word_1_5' title='bbox 548 578 734 631; x_wconf 83' lang='lat' dir='ltr'><strong>LUCILIUM</strong></span> 
     </span>
    </p>
   </div>
   <div class='ocr_carea' id='block_1_3' title="bbox 116 696 1086 801">
    <p class='ocr_par' dir='ltr' id='par_1_3' title="bbox 116 696 1086 801">
     <span class='ocr_line' id='line_1_3' title="bbox 116 696 1086 801; baseline -0.004 -5"><span class='ocrx_word' id='word_1_6' title='bbox 116 697 558 796; x_wconf 79' lang='lat' dir='ltr'><strong>lllnallttlll</strong></span> <span class='ocrx_word' id='word_1_7' title='bbox 602 696 1086 801; x_wconf 81' lang='lat' dir='ltr'><strong>bollslttlltllt</strong></span> 
     </span>
    </p>
   </div>
   <div class='ocr_carea' id='block_1_4' title="bbox 497 863 711 924">
    <p class='ocr_par' dir='ltr' id='par_1_4' title="bbox 497 863 711 924">
     <span class='ocr_line' id='line_1_4' title="bbox 497 863 711 924; baseline 0 0"><span class='ocrx_word' id='word_1_8' title='bbox 497 863 632 924; x_wconf 78' lang='lat' dir='ltr'><strong>ttssutl</strong></span> <span class='ocrx_word' id='word_1_9' title='bbox 659 863 711 924; x_wconf 88' lang='lat'><strong>111.</strong></span> 
     </span>
    </p>
   </div>
   <div class='ocr_carea' id='block_1_5' title="bbox 433 1061 780 1137">
    <p class='ocr_par' dir='ltr' id='par_1_5' title="bbox 433 1061 780 1137">
     <span class='ocr_line' id='line_1_5' title="bbox 433 1061 780 1137; baseline -0.006 -15"><span class='ocrx_word' id='word_1_10' title='bbox 433 1061 780 1137; x_wconf 70' lang='lat' dir='ltr'><strong>[nauseante]</strong></span> 
     </span>
    </p>
   </div>
   <div class='ocr_carea' id='block_1_6' title="bbox 32 1172 1090 3417">
    <p class='ocr_par' dir='ltr' id='par_1_6' title="bbox 32 1172 1089 1586">
     <span class='ocr_line' id='line_1_6' title="bbox 32 1172 1088 1251; baseline -0.002 -16"><span class='ocrx_word' id='word_1_11' title='bbox 32 1205 36 1212; x_wconf 93' lang='lat'>·</span> <span class='ocrx_word' id='word_1_12' title='bbox 83 1193 99 1244; x_wconf 90' lang='lat'>1</span> <span class='ocrx_word' id='word_1_13' title='bbox 183 1176 249 1236; x_wconf 91' lang='lat' dir='ltr'><strong>Non</strong></span> <span class='ocrx_word' id='word_1_14' title='bbox 279 1177 421 1251; x_wconf 77' lang='lat' dir='ltr'><strong>praeterit</strong></span> <span class='ocrx_word' id='word_1_15' title='bbox 450 1193 512 1251; x_wconf 90' lang='lat' dir='ltr'><strong>me,</strong></span> <span class='ocrx_word' id='word_1_16' title='bbox 547 1176 643 1238; x_wconf 89' lang='lat' dir='ltr'><strong>Lucili</strong></span> <span class='ocrx_word' id='word_1_17' title='bbox 672 1176 805 1236; x_wconf 84' lang='lat' dir='ltr'><strong>virorum</strong></span> <span class='ocrx_word' id='word_1_18' title='bbox 833 1172 963 1249; x_wconf 85' lang='lat' dir='ltr'><strong>optime,</strong></span> <span class='ocrx_word' id='word_1_19' title='bbox 1001 1191 1088 1251; x_wconf 88' lang='lat' dir='ltr'><strong>quarn</strong></span> 
     </span>
     <span class='ocr_line' id='line_1_7' title="bbox 115 1259 1088 1335; baseline -0.002 -16"><span class='ocrx_word' id='word_1_20' title='bbox 115 1276 293 1335; x_wconf 84' lang='lat' dir='ltr'><strong>magnarum</strong></span> <span class='ocrx_word' id='word_1_21' title='bbox 313 1276 414 1320; x_wconf 89' lang='lat' dir='ltr'><strong>rerum</strong></span> <span class='ocrx_word' id='word_1_22' title='bbox 435 1260 632 1321; x_wconf 74' lang='lat' dir='ltr'><strong>fundamenta</strong></span> <span class='ocrx_word' id='word_1_23' title='bbox 657 1274 770 1334; x_wconf 85' lang='lat' dir='ltr'><strong>ponam</strong></span> <span class='ocrx_word' id='word_1_24' title='bbox 793 1273 904 1332; x_wconf 83' lang='lat' dir='ltr'>senex,</span> <span class='ocrx_word' id='word_1_25' title='bbox 938 1259 991 1333; x_wconf 89' lang='lat' dir='ltr'><strong>qni</strong></span> <span class='ocrx_word' id='word_1_26' title='bbox 1006 1275 1088 1319; x_wconf 91' lang='lat' dir='ltr'><strong>mnn-</strong></span> 
     </span>
     <span class='ocr_line' id='line_1_8' title="bbox 116 1342 1089 1417; baseline -0.003 -14"><span class='ocrx_word' id='word_1_27' title='bbox 116 1346 188 1403; x_wconf 90' lang='lat' dir='ltr'><strong>dum</strong></span> <span class='ocrx_word' id='word_1_28' title='bbox 211 1342 341 1404; x_wconf 88' lang='lat' dir='ltr'><strong>circuire</strong></span> <span class='ocrx_word' id='word_1_29' title='bbox 363 1343 507 1404; x_wconf 90' lang='lat' dir='ltr'><strong>constitui</strong></span> <span class='ocrx_word' id='word_1_30' title='bbox 529 1350 559 1402; x_wconf 92' lang='lat' dir='ltr'><strong>et</strong></span> <span class='ocrx_word' id='word_1_31' title='bbox 575 1358 688 1403; x_wconf 88' lang='lat' dir='ltr'><strong>causas</strong></span> <span class='ocrx_word' id='word_1_32' title='bbox 702 1348 886 1417; x_wconf 80' lang='lat' dir='ltr'><strong>secretaque</strong></span> <span class='ocrx_word' id='word_1_33' title='bbox 901 1342 969 1402; x_wconf 90' lang='lat' dir='ltr'><strong>eius</strong></span> <span class='ocrx_word' id='word_1_34' title='bbox 985 1357 1089 1401; x_wconf 89' lang='lat' dir='ltr'><strong>eruere</strong></span> 
     </span>
     <span class='ocr_line' id='line_1_9' title="bbox 115 1426 1088 1501; baseline -0.003 -15"><span class='ocrx_word' id='word_1_35' title='bbox 115 1435 207 1501; x_wconf 82' lang='lat' dir='ltr'><strong>atque</strong></span> <span class='ocrx_word' id='word_1_36' title='bbox 223 1427 289 1486; x_wconf 84' lang='lat' dir='ltr'><strong>aliis</strong></span> <span class='ocrx_word' id='word_1_37' title='bbox 304 1427 463 1486; x_wconf 84' lang='lat' dir='ltr'><strong>noscenda</strong></span> <span class='ocrx_word' id='word_1_38' title='bbox 477 1426 619 1501; x_wconf 83' lang='lat' dir='ltr'><strong>prodere.</strong></span> <span class='ocrx_word' id='word_1_39' title='bbox 649 1426 771 1500; x_wconf 88' lang='lat' dir='ltr'><strong>quando</strong></span> <span class='ocrx_word' id='word_1_40' title='bbox 792 1431 853 1484; x_wconf 86' lang='lat' dir='ltr'><strong>tam</strong></span> <span class='ocrx_word' id='word_1_41' title='bbox 869 1427 965 1485; x_wconf 90' lang='lat' dir='ltr'><strong>multa</strong></span> <span class='ocrx_word' id='word_1_42' title='bbox 980 1440 1088 1485; x_wconf 87' lang='lat' dir='ltr'><strong>conse-</strong></span> 
     </span>
     <span class='ocr_line' id='line_1_10' title="bbox 117 1507 1089 1586; baseline -0.003 -18"><span class='ocrx_word' id='word_1_43' title='bbox 117 1527 207 1586; x_wconf 85' lang='lat' dir='ltr'><strong>quar,</strong></span> <span class='ocrx_word' id='word_1_44' title='bbox 236 1517 296 1569; x_wconf 85' lang='lat' dir='ltr'><strong>tam</strong></span> <span class='ocrx_word' id='word_1_45' title='bbox 325 1525 435 1584; x_wconf 84' lang='lat' dir='ltr'><strong>sparsa</strong></span> <span class='ocrx_word' id='word_1_46' title='bbox 462 1509 618 1583; x_wconf 79' lang='lat' dir='ltr'>colligam,</span> <span class='ocrx_word' id='word_1_47' title='bbox 647 1517 708 1569; x_wconf 84' lang='lat' dir='ltr'><strong>tam</strong></span> <span class='ocrx_word' id='word_1_48' title='bbox 737 1508 857 1568; x_wconf 80' lang='lat' dir='ltr'><strong>occulta</strong></span> <span class='ocrx_word' id='word_1_49' title='bbox 885 1507 1089 1583; x_wconf 70' lang='lat' dir='ltr'><strong>perspiciam?</strong></span> 
     </span>
    </p>

    <p class='ocr_par' dir='ltr' id='par_1_7' title="bbox 83 1591 1090 3417">
     <span class='ocr_line' id='line_1_11' title="bbox 83 1591 1090 1666; baseline -0.003 -14"><span class='ocrx_word' id='word_1_50' title='bbox 83 1593 232 1653; x_wconf 78' lang='lat' dir='ltr'><strong>2Premat</strong></span> <span class='ocrx_word' id='word_1_51' title='bbox 249 1607 322 1666; x_wconf 92' lang='lat' dir='ltr'><strong>ergo</strong></span> <span class='ocrx_word' id='word_1_52' title='bbox 345 1600 488 1652; x_wconf 89' lang='lat' dir='ltr'><strong>senectus</strong></span> <span class='ocrx_word' id='word_1_53' title='bbox 510 1599 541 1652; x_wconf 88' lang='lat' dir='ltr'><strong>et</strong></span> <span class='ocrx_word' id='word_1_54' title='bbox 563 1592 675 1652; x_wconf 85' lang='lat' dir='ltr'><strong>obicint</strong></span> <span class='ocrx_word' id='word_1_55' title='bbox 689 1606 786 1653; x_wconf 88' lang='lat' dir='ltr'><strong>annos</strong></span> <span class='ocrx_word' id='word_1_56' title='bbox 805 1591 883 1650; x_wconf 90' lang='lat' dir='ltr'><strong>inter</strong></span> <span class='ocrx_word' id='word_1_57' title='bbox 896 1606 978 1650; x_wconf 89' lang='lat' dir='ltr'><strong>vana</strong></span> <span class='ocrx_word' id='word_1_58' title='bbox 992 1591 1090 1651; x_wconf 86' lang='lat' dir='ltr'><strong>studia</strong></span> 
     </span>
     <span class='ocr_line' id='line_1_12' title="bbox 116 1674 1089 1750; baseline -0.002 -15"><span class='ocrx_word' id='word_1_59' title='bbox 116 1684 336 1750; x_wconf 86' lang='lat' dir='ltr'><strong>consumptos:</strong></span> <span class='ocrx_word' id='word_1_60' title='bbox 367 1683 450 1735; x_wconf 86' lang='lat' dir='ltr'><strong>tanto</strong></span> <span class='ocrx_word' id='word_1_61' title='bbox 482 1676 579 1750; x_wconf 85' lang='lat' dir='ltr'><strong>magis</strong></span> <span class='ocrx_word' id='word_1_62' title='bbox 603 1690 767 1749; x_wconf 80' lang='lat' dir='ltr'><strong>urgeamus</strong></span> <span class='ocrx_word' id='word_1_63' title='bbox 794 1681 825 1734; x_wconf 85' lang='lat' dir='ltr'><strong>et</strong></span> <span class='ocrx_word' id='word_1_64' title='bbox 848 1674 960 1733; x_wconf 84' lang='lat' dir='ltr'><strong>damna</strong></span> <span class='ocrx_word' id='word_1_65' title='bbox 985 1674 1089 1734; x_wconf 85' lang='lat' dir='ltr'><strong>aetatis</strong></span> 
     </span>
     <span class='ocr_line' id='line_1_13' title="bbox 114 1756 1089 1834; baseline 0 -16"><span class='ocrx_word' id='word_1_66' title='bbox 114 1760 193 1819; x_wconf 85' lang='lat' dir='ltr'><strong>male</strong></span> <span class='ocrx_word' id='word_1_67' title='bbox 210 1766 371 1834; x_wconf 79' lang='lat' dir='ltr'><strong>exemptae</strong></span> <span class='ocrx_word' id='word_1_68' title='bbox 388 1759 474 1819; x_wconf 86' lang='lat' dir='ltr'><strong>labor</strong></span> <span class='ocrx_word' id='word_1_69' title='bbox 489 1760 615 1819; x_wconf 70' lang='lat' dir='ltr'><strong>sarciam</strong></span> <span class='ocrx_word' id='word_1_70' title='bbox 629 1759 742 1818; x_wconf 86' lang='lat' dir='ltr'><strong>noxod</strong></span> <span class='ocrx_word' id='word_1_71' title='bbox 755 1758 835 1817; x_wconf 91' lang='lat' dir='ltr'><strong>diem</strong></span> <span class='ocrx_word' id='word_1_72' title='bbox 847 1756 986 1818; x_wconf 79' lang='lat' dir='ltr'><strong>accedat.</strong></span> <span class='ocrx_word' id='word_1_73' title='bbox 1002 1773 1089 1819; x_wconf 83' lang='lat' dir='ltr'><strong>occu</strong></span> 
     </span>
     <span class='ocr_line' id='line_1_14' title="bbox 115 1840 1089 1918; baseline -0.003 -15"><span class='ocrx_word' id='word_1_74' title='bbox 115 1843 255 1918; x_wconf 81' lang='lat' dir='ltr'><strong>potiones</strong></span> <span class='ocrx_word' id='word_1_75' title='bbox 275 1844 457 1904; x_wconf 79' lang='lat' dir='ltr'><strong>recidantur.</strong></span> <span class='ocrx_word' id='word_1_76' title='bbox 483 1841 656 1918; x_wconf 85' lang='lat' dir='ltr'><strong>patrimonii</strong></span> <span class='ocrx_word' id='word_1_77' title='bbox 676 1843 767 1916; x_wconf 90' lang='lat' dir='ltr'><strong>longe</strong></span> <span class='ocrx_word' id='word_1_78' title='bbox 786 1856 805 1900; x_wconf 88' lang='lat' dir='ltr'><strong>n</strong></span> <span class='ocrx_word' id='word_1_79' title='bbox 825 1840 949 1901; x_wconf 89' lang='lat' dir='ltr'><strong>domino</strong></span> <span class='ocrx_word' id='word_1_80' title='bbox 964 1840 1089 1901; x_wconf 83' lang='lat' dir='ltr'><strong>incentis</strong></span> 
     </span>
     <span class='ocr_line' id='line_1_15' title="bbox 116 1924 1088 2000; baseline -0.002 -14"><span class='ocrx_word' id='word_1_81' title='bbox 116 1943 190 1987; x_wconf 88' lang='lat' dir='ltr'><strong>cura</strong></span> <span class='ocrx_word' id='word_1_82' title='bbox 210 1929 357 1987; x_wconf 87' lang='lat' dir='ltr'><strong>solvatur.</strong></span> <span class='ocrx_word' id='word_1_83' title='bbox 385 1927 443 1985; x_wconf 90' lang='lat' dir='ltr'><strong>sibi</strong></span> <span class='ocrx_word' id='word_1_84' title='bbox 464 1934 547 1987; x_wconf 89' lang='lat' dir='ltr'><strong>totus</strong></span> <span class='ocrx_word' id='word_1_85' title='bbox 566 1926 685 1985; x_wconf 89' lang='lat' dir='ltr'><strong>animus</strong></span> <span class='ocrx_word' id='word_1_86' title='bbox 699 1931 790 1984; x_wconf 85' lang='lat' dir='ltr'><strong>vacet</strong></span> <span class='ocrx_word' id='word_1_87' title='bbox 804 1931 834 1984; x_wconf 91' lang='lat' dir='ltr'><strong>et</strong></span> <span class='ocrx_word' id='word_1_88' title='bbox 849 1924 888 1983; x_wconf 89' lang='lat' dir='ltr'><strong>ad</strong></span> <span class='ocrx_word' id='word_1_89' title='bbox 905 1926 1088 2000; x_wconf 83' lang='lat' dir='ltr'><strong>contempla-</strong></span> 
     </span>
     <span class='ocr_line' id='line_1_16' title="bbox 83 2005 1089 2084; baseline 0 -19"><span class='ocrx_word' id='word_1_90' title='bbox 83 2010 230 2070; x_wconf 85' lang='lat' dir='ltr'><strong>3lionem</strong></span> <span class='ocrx_word' id='word_1_91' title='bbox 251 2010 299 2070; x_wconf 92' lang='lat' dir='ltr'><strong>sui</strong></span> <span class='ocrx_word' id='word_1_92' title='bbox 322 2012 428 2069; x_wconf 82' lang='lat' dir='ltr'><strong>saltem</strong></span> <span class='ocrx_word' id='word_1_93' title='bbox 448 2011 478 2068; x_wconf 88' lang='lat' dir='ltr'><strong>in</strong></span> <span class='ocrx_word' id='word_1_94' title='bbox 500 2011 569 2084; x_wconf 93' lang='lat' dir='ltr'><strong>ipso</strong></span> <span class='ocrx_word' id='word_1_95' title='bbox 595 2008 657 2069; x_wconf 86' lang='lat' dir='ltr'><strong>fine</strong></span> <span class='ocrx_word' id='word_1_96' title='bbox 677 2007 831 2082; x_wconf 86' lang='lat' dir='ltr'><strong>respiciat.</strong></span> <span class='ocrx_word' id='word_1_97' title='bbox 855 2005 961 2073; x_wconf 77' lang='lat' dir='ltr'><strong>Faciet</strong></span> <span class='ocrx_word' id='word_1_98' title='bbox 982 2023 1019 2067; x_wconf 87' lang='lat' dir='ltr'><strong>ae</strong></span> <span class='ocrx_word' id='word_1_99' title='bbox 1034 2006 1089 2068; x_wconf 90' lang='lat' dir='ltr'><strong>sibi</strong></span> 
     </span>
     <span class='ocr_line' id='line_1_17' title="bbox 115 2088 1087 2167; baseline -0.001 -16"><span class='ocrx_word' id='word_1_100' title='bbox 115 2091 241 2152; x_wconf 76' lang='lat' dir='ltr'><strong>instabit</strong></span> <span class='ocrx_word' id='word_1_101' title='bbox 261 2101 291 2151; x_wconf 88' lang='lat' dir='ltr'><strong>et</strong></span> <span class='ocrx_word' id='word_1_102' title='bbox 311 2092 422 2151; x_wconf 85' lang='lat' dir='ltr'><strong>cotidie</strong></span> <span class='ocrx_word' id='word_1_103' title='bbox 447 2091 624 2151; x_wconf 82' lang='lat' dir='ltr'><strong>brevitatem</strong></span> <span class='ocrx_word' id='word_1_104' title='bbox 649 2091 796 2166; x_wconf 90' lang='lat' dir='ltr'><strong>temporis</strong></span> <span class='ocrx_word' id='word_1_105' title='bbox 821 2088 972 2150; x_wconf 86' lang='lat' dir='ltr'><strong>metietur.</strong></span> <span class='ocrx_word' id='word_1_106' title='bbox 1006 2092 1087 2167; x_wconf 92' lang='lat' dir='ltr'><strong>quic·</strong></span> 
     </span>
     <span class='ocr_line' id='line_1_18' title="bbox 117 2172 1087 2249; baseline -0.002 -16"><span class='ocrx_word' id='word_1_107' title='bbox 117 2174 191 2248; x_wconf 89' lang='lat' dir='ltr'><strong>quid</strong></span> <span class='ocrx_word' id='word_1_108' title='bbox 214 2173 360 2233; x_wconf 85' lang='lat' dir='ltr'><strong>omissum</strong></span> <span class='ocrx_word' id='word_1_109' title='bbox 380 2180 441 2246; x_wconf 87' lang='lat' dir='ltr'><strong>est,</strong></span> <span class='ocrx_word' id='word_1_110' title='bbox 462 2174 494 2233; x_wconf 92' lang='lat' dir='ltr'><strong>id</strong></span> <span class='ocrx_word' id='word_1_111' title='bbox 516 2174 651 2248; x_wconf 80' lang='lat' dir='ltr'><strong>diligenti</strong></span> <span class='ocrx_word' id='word_1_112' title='bbox 671 2191 731 2235; x_wconf 92' lang='lat' dir='ltr'><strong>usu</strong></span> <span class='ocrx_word' id='word_1_113' title='bbox 751 2174 831 2233; x_wconf 82' lang='lat' dir='ltr'><strong>vitae</strong></span> <span class='ocrx_word' id='word_1_114' title='bbox 852 2172 1025 2249; x_wconf 87' lang='lat' dir='ltr'><strong>praesentis</strong></span> <span class='ocrx_word' id='word_1_115' title='bbox 1043 2188 1087 2232; x_wconf 87' lang='lat' dir='ltr'><strong>re-</strong></span> 
     </span>
     <span class='ocr_line' id='line_1_19' title="bbox 117 2254 1089 2331; baseline 0.001 -16"><span class='ocrx_word' id='word_1_116' title='bbox 117 2256 247 2329; x_wconf 82' lang='lat' dir='ltr'><strong>colliget.</strong></span> <span class='ocrx_word' id='word_1_117' title='bbox 269 2254 480 2316; x_wconf 87' lang='lat' dir='ltr'><strong>Fidelissimus</strong></span> <span class='ocrx_word' id='word_1_118' title='bbox 493 2264 540 2316; x_wconf 88' lang='lat' dir='ltr'><strong>est</strong></span> <span class='ocrx_word' id='word_1_119' title='bbox 551 2257 591 2316; x_wconf 89' lang='lat' dir='ltr'><strong>ad</strong></span> <span class='ocrx_word' id='word_1_120' title='bbox 602 2257 732 2317; x_wconf 85' lang='lat' dir='ltr'><strong>honesta</strong></span> <span class='ocrx_word' id='word_1_121' title='bbox 743 2273 783 2317; x_wconf 89' lang='lat' dir='ltr'><strong>ex</strong></span> <span class='ocrx_word' id='word_1_122' title='bbox 796 2256 984 2331; x_wconf 85' lang='lat' dir='ltr'><strong>poenitentia</strong></span> <span class='ocrx_word' id='word_1_123' title='bbox 994 2264 1089 2317; x_wconf 87' lang='lat' dir='ltr'><strong>trans·</strong></span> 
     </span>
     <span class='ocr_line' id='line_1_20' title="bbox 116 2337 1088 2416; baseline 0.001 -18"><span class='ocrx_word' id='word_1_124' title='bbox 116 2337 187 2399; x_wconf 91' lang='lat' dir='ltr'><strong>itus.</strong></span> <span class='ocrx_word' id='word_1_125' title='bbox 239 2337 313 2399; x_wconf 84' lang='lat' dir='ltr'><strong>libet</strong></span> <span class='ocrx_word' id='word_1_126' title='bbox 339 2339 429 2414; x_wconf 92' lang='lat' dir='ltr'><strong>igitur</strong></span> <span class='ocrx_word' id='word_1_127' title='bbox 459 2338 531 2399; x_wconf 86' lang='lat' dir='ltr'><strong>milri</strong></span> <span class='ocrx_word' id='word_1_128' title='bbox 558 2341 731 2401; x_wconf 87' lang='lat' dir='ltr'><strong>exclamare</strong></span> <span class='ocrx_word' id='word_1_129' title='bbox 755 2340 838 2400; x_wconf 89' lang='lat' dir='ltr'><strong>illum</strong></span> <span class='ocrx_word' id='word_1_130' title='bbox 863 2348 976 2416; x_wconf 83' lang='lat' dir='ltr'><strong>poetae</strong></span> <span class='ocrx_word' id='word_1_131' title='bbox 999 2338 1088 2400; x_wconf 91' lang='lat' dir='ltr'><strong>incliti</strong></span> 
     </span>
     <span class='ocr_line' id='line_1_21' title="bbox 119 2440 256 2484; baseline -0.029 -2"><span class='ocrx_word' id='word_1_132' title='bbox 119 2440 256 2484; x_wconf 81' lang='lat' dir='ltr'><strong>versum:</strong></span> 
     </span>
     <span class='ocr_line' id='line_1_22' title="bbox 255 2509 952 2583; baseline 0 -14"><span class='ocrx_word' id='word_1_133' title='bbox 255 2510 381 2569; x_wconf 82' lang='lat' dir='ltr'><strong>tollimus</strong></span> <span class='ocrx_word' id='word_1_134' title='bbox 395 2509 525 2581; x_wconf 72' lang='lat' dir='ltr'><strong>ingentes</strong></span> <span class='ocrx_word' id='word_1_135' title='bbox 539 2511 653 2568; x_wconf 83' lang='lat' dir='ltr'><strong>animos</strong></span> <span class='ocrx_word' id='word_1_136' title='bbox 666 2514 696 2568; x_wconf 86' lang='lat' dir='ltr'><strong>et</strong></span> <span class='ocrx_word' id='word_1_137' title='bbox 708 2509 842 2568; x_wconf 81' lang='lat' dir='ltr'><strong>maxima</strong></span> <span class='ocrx_word' id='word_1_138' title='bbox 853 2523 952 2583; x_wconf 79' lang='lat' dir='ltr'><strong>parvo</strong></span> 
     </span>
     <span class='ocr_line' id='line_1_23' title="bbox 255 2594 541 2667; baseline -0.007 -15"><span class='ocrx_word' id='word_1_139' title='bbox 255 2598 383 2667; x_wconf 82' lang='lat' dir='ltr'><strong>tempore</strong></span> <span class='ocrx_word' id='word_1_140' title='bbox 396 2594 541 2651; x_wconf 84' lang='lat' dir='ltr'><strong>molimur.</strong></span> 
     </span>
     <span class='ocr_line' id='line_1_24' title="bbox 116 2670 1086 2748; baseline 0 -16"><span class='ocrx_word' id='word_1_141' title='bbox 116 2674 176 2733; x_wconf 89' lang='lat' dir='ltr'><strong>hoc</strong></span> <span class='ocrx_word' id='word_1_142' title='bbox 192 2676 339 2747; x_wconf 86' lang='lat' dir='ltr'><strong>dicerem,</strong></span> <span class='ocrx_word' id='word_1_143' title='bbox 365 2675 392 2733; x_wconf 90' lang='lat' dir='ltr'><strong>si</strong></span> <span class='ocrx_word' id='word_1_144' title='bbox 415 2691 489 2748; x_wconf 89' lang='lat' dir='ltr'><strong>puer</strong></span> <span class='ocrx_word' id='word_1_145' title='bbox 508 2675 690 2748; x_wconf 90' lang='lat' dir='ltr'><strong>iuvenisque</strong></span> <span class='ocrx_word' id='word_1_146' title='bbox 713 2672 844 2733; x_wconf 89' lang='lat' dir='ltr'><strong>molirer.</strong></span> <span class='ocrx_word' id='word_1_147' title='bbox 873 2675 988 2735; x_wconf 90' lang='lat' dir='ltr'><strong>nullum</strong></span> <span class='ocrx_word' id='word_1_148' title='bbox 1012 2670 1086 2733; x_wconf 87' lang='lat' dir='ltr'><strong>enim</strong></span> 
     </span>
     <span class='ocr_line' id='line_1_25' title="bbox 116 2757 1086 2832; baseline -0.001 -17"><span class='ocrx_word' id='word_1_149' title='bbox 116 2772 177 2815; x_wconf 93' lang='lat' dir='ltr'><strong>non</strong></span> <span class='ocrx_word' id='word_1_150' title='bbox 197 2765 257 2816; x_wconf 90' lang='lat' dir='ltr'><strong>tam</strong></span> <span class='ocrx_word' id='word_1_151' title='bbox 278 2758 396 2832; x_wconf 82' lang='lat' dir='ltr'><strong>magnis</strong></span> <span class='ocrx_word' id='word_1_152' title='bbox 417 2757 510 2817; x_wconf 88' lang='lat' dir='ltr'><strong>rebus</strong></span> <span class='ocrx_word' id='word_1_153' title='bbox 524 2765 644 2832; x_wconf 91' lang='lat' dir='ltr'><strong>tempus</strong></span> <span class='ocrx_word' id='word_1_154' title='bbox 661 2764 824 2831; x_wconf 85' lang='lat' dir='ltr'><strong>angustum</strong></span> <span class='ocrx_word' id='word_1_155' title='bbox 838 2764 898 2817; x_wconf 81' lang='lat' dir='ltr'><strong>est:</strong></span> <span class='ocrx_word' id='word_1_156' title='bbox 921 2772 1003 2817; x_wconf 88' lang='lat' dir='ltr'><strong>nune</strong></span> <span class='ocrx_word' id='word_1_157' title='bbox 1017 2770 1086 2816; x_wconf 85' lang='lat' dir='ltr'><strong>vero</strong></span> 
     </span>
     <span class='ocr_line' id='line_1_26' title="bbox 117 2840 1086 2915; baseline 0.002 -17"><span class='ocrx_word' id='word_1_158' title='bbox 117 2840 157 2898; x_wconf 86' lang='lat' dir='ltr'><strong>ad</strong></span> <span class='ocrx_word' id='word_1_159' title='bbox 176 2855 239 2898; x_wconf 90' lang='lat' dir='ltr'><strong>rem</strong></span> <span class='ocrx_word' id='word_1_160' title='bbox 256 2841 380 2911; x_wconf 88' lang='lat' dir='ltr'><strong>seriam,</strong></span> <span class='ocrx_word' id='word_1_161' title='bbox 404 2856 542 2914; x_wconf 86' lang='lat' dir='ltr'><strong>gravem,</strong></span> <span class='ocrx_word' id='word_1_162' title='bbox 567 2840 738 2901; x_wconf 87' lang='lat' dir='ltr'><strong>inmensam</strong></span> <span class='ocrx_word' id='word_1_163' title='bbox 751 2848 824 2915; x_wconf 85' lang='lat' dir='ltr'><strong>post</strong></span> <span class='ocrx_word' id='word_1_164' title='bbox 838 2841 1023 2902; x_wconf 81' lang='lat' dir='ltr'><strong>meridianas</strong></span> <span class='ocrx_word' id='word_1_165' title='bbox 1036 2840 1086 2900; x_wconf 94' lang='lat' dir='ltr'><strong>ho·</strong></span> 
     </span>
     <span class='ocr_line' id='line_1_27' title="bbox 84 2921 1086 2998; baseline -0.004 -17"><span class='ocrx_word' id='word_1_166' title='bbox 84 2935 167 2989; x_wconf 84' lang='lat' dir='ltr'><strong>4ras</strong></span> <span class='ocrx_word' id='word_1_167' title='bbox 194 2921 392 2982; x_wconf 84' lang='lat' dir='ltr'><strong>accessimus.</strong></span> <span class='ocrx_word' id='word_1_168' title='bbox 423 2925 584 2984; x_wconf 87' lang='lat' dir='ltr'><strong>Faciamus</strong></span> <span class='ocrx_word' id='word_1_169' title='bbox 610 2924 693 2998; x_wconf 90' lang='lat' dir='ltr'><strong>quod</strong></span> <span class='ocrx_word' id='word_1_170' title='bbox 719 2923 748 2983; x_wconf 89' lang='lat' dir='ltr'><strong>in</strong></span> <span class='ocrx_word' id='word_1_171' title='bbox 773 2922 881 2983; x_wconf 89' lang='lat' dir='ltr'><strong>itinere</strong></span> <span class='ocrx_word' id='word_1_172' title='bbox 906 2924 974 2985; x_wconf 89' lang='lat' dir='ltr'><strong>lieri</strong></span> <span class='ocrx_word' id='word_1_173' title='bbox 997 2924 1086 2984; x_wconf 83' lang='lat' dir='ltr'><strong>solet:</strong></span> 
     </span>
     <span class='ocr_line' id='line_1_28' title="bbox 119 3005 1085 3081; baseline 0 -17"><span class='ocrx_word' id='word_1_174' title='bbox 119 3007 171 3080; x_wconf 90' lang='lat' dir='ltr'><strong>qui</strong></span> <span class='ocrx_word' id='word_1_175' title='bbox 185 3006 300 3065; x_wconf 88' lang='lat' dir='ltr'><strong>tardius</strong></span> <span class='ocrx_word' id='word_1_176' title='bbox 316 3005 468 3080; x_wconf 87' lang='lat' dir='ltr'><strong>exierunt,</strong></span> <span class='ocrx_word' id='word_1_177' title='bbox 491 3007 650 3067; x_wconf 86' lang='lat' dir='ltr'><strong>velocitate</strong></span> <span class='ocrx_word' id='word_1_178' title='bbox 665 3015 797 3081; x_wconf 86' lang='lat' dir='ltr'><strong>pensant</strong></span> <span class='ocrx_word' id='word_1_179' title='bbox 811 3022 937 3066; x_wconf 86' lang='lat' dir='ltr'><strong>moram.</strong></span> <span class='ocrx_word' id='word_1_180' title='bbox 968 3008 1085 3068; x_wconf 81' lang='lat' dir='ltr'><strong>lestine-</strong></span> 
     </span>
     <span class='ocr_line' id='line_1_29' title="bbox 116 3089 1086 3165; baseline -0.001 -18"><span class='ocrx_word' id='word_1_181' title='bbox 116 3106 184 3148; x_wconf 92' lang='lat' dir='ltr'><strong>mus</strong></span> <span class='ocrx_word' id='word_1_182' title='bbox 206 3094 333 3162; x_wconf 90' lang='lat' dir='ltr'><strong>etopus</strong></span> <span class='ocrx_word' id='word_1_183' title='bbox 355 3091 459 3148; x_wconf 89' lang='lat' dir='ltr'><strong>nescio</strong></span> <span class='ocrx_word' id='word_1_184' title='bbox 476 3106 513 3148; x_wconf 88' lang='lat' dir='ltr'><strong>an</strong></span> <span class='ocrx_word' id='word_1_185' title='bbox 535 3089 724 3165; x_wconf 84' lang='lat' dir='ltr'><strong>superabile,</strong></span> <span class='ocrx_word' id='word_1_186' title='bbox 746 3105 890 3164; x_wconf 86' lang='lat' dir='ltr'><strong>magnum</strong></span> <span class='ocrx_word' id='word_1_187' title='bbox 906 3098 1004 3163; x_wconf 85' lang='lat' dir='ltr'><strong>certe,</strong></span> <span class='ocrx_word' id='word_1_188' title='bbox 1025 3091 1086 3151; x_wconf 90' lang='lat' dir='ltr'><strong>sine</strong></span> 
     </span>
     <span class='ocr_line' id='line_1_30' title="bbox 117 3173 1085 3250; baseline -0.001 -18"><span class='ocrx_word' id='word_1_189' title='bbox 117 3173 223 3232; x_wconf 84' lang='lat' dir='ltr'><strong>aetatis</strong></span> <span class='ocrx_word' id='word_1_190' title='bbox 245 3173 442 3231; x_wconf 85' lang='lat' dir='ltr'><strong>excusatione</strong></span> <span class='ocrx_word' id='word_1_191' title='bbox 461 3180 635 3233; x_wconf 87' lang='lat' dir='ltr'><strong>tractemus.</strong></span> <span class='ocrx_word' id='word_1_192' title='bbox 663 3175 778 3237; x_wconf 88' lang='lat' dir='ltr'><strong>Crescit</strong></span> <span class='ocrx_word' id='word_1_193' title='bbox 792 3173 929 3248; x_wconf 88' lang='lat' dir='ltr'><strong>animus,</strong></span> <span class='ocrx_word' id='word_1_194' title='bbox 950 3173 1085 3250; x_wconf 90' lang='lat' dir='ltr'><strong>quotiens</strong></span> 
     </span>
     <span class='ocr_line' id='line_1_31' title="bbox 118 3255 1086 3333; baseline 0.001 -18"><span class='ocrx_word' id='word_1_195' title='bbox 118 3256 217 3330; x_wconf 87' lang='lat' dir='ltr'><strong>coepti</strong></span> <span class='ocrx_word' id='word_1_196' title='bbox 232 3255 469 3329; x_wconf 86' lang='lat' dir='ltr'><strong>magnitudinem</strong></span> <span class='ocrx_word' id='word_1_197' title='bbox 484 3257 617 3317; x_wconf 91' lang='lat' dir='ltr'><strong>ostendit</strong></span> <span class='ocrx_word' id='word_1_198' title='bbox 630 3265 661 3317; x_wconf 89' lang='lat' dir='ltr'><strong>et</strong></span> <span class='ocrx_word' id='word_1_199' title='bbox 675 3258 800 3331; x_wconf 87' lang='lat' dir='ltr'><strong>cogitat,</strong></span> <span class='ocrx_word' id='word_1_200' title='bbox 818 3263 965 3332; x_wconf 89' lang='lat' dir='ltr'><strong>quantum</strong></span> <span class='ocrx_word' id='word_1_201' title='bbox 977 3271 1086 3333; x_wconf 88' lang='lat' dir='ltr'><strong>propo·</strong></span> 
     </span>
     <span class='ocr_line' id='line_1_32' title="bbox 84 3337 1084 3417; baseline 0.002 -18"><span class='ocrx_word' id='word_1_202' title='bbox 84 3340 190 3413; x_wconf 75' lang='lat' dir='ltr'><strong>osito,</strong></span> <span class='ocrx_word' id='word_1_203' title='bbox 216 3355 276 3400; x_wconf 91' lang='lat' dir='ltr'><strong>non</strong></span> <span class='ocrx_word' id='word_1_204' title='bbox 301 3345 444 3412; x_wconf 89' lang='lat' dir='ltr'><strong>qnantum</strong></span> <span class='ocrx_word' id='word_1_205' title='bbox 466 3337 525 3397; x_wconf 91' lang='lat' dir='ltr'><strong>sibi</strong></span> <span class='ocrx_word' id='word_1_206' title='bbox 544 3340 687 3413; x_wconf 92' lang='lat' dir='ltr'><strong>supersit.</strong></span> <span class='ocrx_word' id='word_1_207' title='bbox 721 3339 949 3416; x_wconf 83' lang='lat' dir='ltr'><strong>Consumpsere</strong></span> <span class='ocrx_word' id='word_1_208' title='bbox 969 3355 1004 3401; x_wconf 89' lang='lat' dir='ltr'><strong>se</strong></span> <span class='ocrx_word' id='word_1_209' title='bbox 1025 3339 1084 3417; x_wconf 88' lang='lat' dir='ltr'><strong>qui·</strong></span> 
     </span>
    </p>
   </div>
   <div class='ocr_carea' id='block_1_7' title="bbox 0 0 1186 3840">
    <p class='ocr_par' dir='ltr' id='par_1_8' title="bbox 0 0 1186 3840">
     <span class='ocr_line' id='line_1_33' title="bbox 0 0 1186 3840; baseline 0 0"><span class='ocrx_word' id='word_1_210' title='bbox 0 0 1186 3840; x_wconf 95' lang='lat' dir='ltr'><strong> </strong></span> 
     </span>
    </p>
   </div>
  </div>
 </body>
</html>
