2364 3840
112 169 173 232 128
397 168 430 226 L.
453 166 600 227 ANNAEI
623 163 799 225 SENECAE

113 320 230 392 credat,
260 328 293 379 ut
307 318 390 379 sciat
410 320 490 378 illam
511 317 613 378 multis
636 327 666 378 et
687 318 758 378 fidis
779 318 921 379 manibus
936 320 1085 381 continen·

114 405 194 464 dani.
230 403 341 462 Parum
362 402 392 462 in
415 402 498 462 illum
520 401 698 472 contuleris,
722 400 749 462 si
770 401 811 461 illi
835 403 1086 475 [semeitstultan

113 488 256 548 fiduciam
277 502 494 560 permansurae
518 501 640 560 semper
661 486 814 559 potentiae
836 485 1017 546 excusseris
1039 487 1082 547 do·

114 572 278 646 onerisque
293 569 417 630 mobilia
428 584 508 639 esse,
525 585 605 643 quae
617 569 701 628 dedit
713 583 815 642 casus,
830 575 861 628 et
871 569 991 630 maiore
1004 584 1088 633 cursu

114 657 219 729 sugere
229 670 320 728 quam
328 652 454 712 veniunt
465 667 521 710 nec
533 652 581 711 his
589 651 792 726 portionibus,
805 651 919 727 quibus
927 653 968 712 ad
977 669 1087 713 summa

115 745 293 813 perventum
309 743 370 809 est,
388 743 469 796 retro
484 735 534 808 iri,
558 737 613 795 sed
630 751 726 809 saepe
742 736 819 796 inter
833 736 990 797 fortunam
1000 737 1086 796 maxi-

83 829 191 883 emam
207 829 237 880 et
252 821 382 880 ultimam
399 819 472 878 nihil
487 819 659 878 interesse?
690 819 799 879 Nescis
810 827 960 894 quantum
976 821 1016 880 sit
1026 835 1086 896 pre·

96 905 186 979 ¹tium
208 903 372 976 amicitiae,
396 902 422 962 si
444 918 504 962 non
528 901 679 976 intellegis
700 903 825 963 multum
844 911 875 963 te
894 903 924 962 ei
943 904 1087 976 daturum,

114 989 162 1048 cui
184 987 306 1046 dederis
328 987 558 1059 amicum,.rem
579 1003 639 1047 non
659 986 801 1046 domibus
817 994 950 1060 tantum,
975 988 1032 1049 sed
1045 1002 1087 1046 se·

113 1070 189 1130 culis
212 1087 326 1143 raram,
348 1086 428 1145 quae
449 1087 510 1130 non
532 1069 624 1130 aliubi
639 1071 737 1143 magis
752 1070 840 1130 deest
855 1087 948 1145 quam
962 1071 1016 1130 ubi
1030 1086 1087 1130 cre·

83 1156 192 1217 iditur
207 1153 373 1214 abundare.
411 1153 509 1228 Quidt
531 1155 607 1215 istos
622 1161 654 1214 tu
670 1154 780 1227 libros,
804 1170 884 1229 quos
900 1153 954 1213 vix
969 1171 1087 1215 nomeu·

114 1241 261 1299 elatorum
276 1239 478 1312 conplectitur
492 1246 545 1298 aut
560 1237 706 1297 memoria
720 1245 773 1296 aut
783 1253 908 1309 manus,
925 1237 1088 1299 amicorum

113 1322 271 1383 existimas
294 1329 388 1383 esset
416 1340 476 1382 non
495 1329 567 1382 sunt
584 1322 634 1381 isti
649 1321 752 1393 amici,
777 1320 831 1395 qui
845 1323 968 1395 agmine
983 1337 1087 1396 magno

113 1408 232 1465 ianuam
253 1408 391 1481 pulsant,
417 1407 469 1481 qui
491 1407 521 1464 in
539 1404 653 1479 primas
672 1410 702 1463 et
717 1404 871 1465 secundas
887 1404 1088 1467 admissiones

114 1491 302 1564 digeruntur.

86 1591 101 1642 1
175 1573 308 1632 XXXIV.
338 1572 536 1633 Consuetudo
558 1571 617 1630 ista
634 1578 722 1631 vetus
738 1578 786 1631 est
799 1571 925 1645 regibus
940 1587 1090 1647 regesque

116 1656 342 1727 simulantibus,
372 1657 520 1729 populum
541 1654 707 1715 amicorum
729 1654 915 1714 describere.
952 1653 1010 1716 Est
1026 1673 1089 1731 pro-

116 1741 214 1813 prium
236 1737 399 1812 superbiae
423 1755 533 1813 magno
557 1738 718 1800 aestimare
743 1737 897 1798 introitum
919 1753 957 1797 ac
982 1746 1090 1802 tactum

115 1824 163 1881 sui
184 1822 295 1881 liminis
316 1829 346 1882 et
366 1839 422 1897 pro
438 1823 556 1883 honore
570 1824 658 1895 dare,
679 1829 712 1882 ut
727 1822 805 1882 ostio
822 1837 879 1880 suo
896 1823 1027 1896 propius
1041 1823 1089 1883 ad·

116 1907 234 1981 sideaS,
254 1913 287 1966 ut
300 1908 428 1981 gradum
440 1909 525 1982 prior
535 1907 613 1966 intra
625 1907 747 1968 domurn
762 1921 876 1980 ponas,
892 1907 923 1964 in
935 1923 999 1980 qua
1010 1907 1090 1967 dein-

116 2008 191 2066 ceps
212 1992 305 2049 multa
320 1999 392 2051 sunt
406 1991 500 2062 ostia,
525 2007 604 2064 quae
618 1998 760 2064 receptos
778 2005 903 2064 quoque
918 1991 1090 2051 excludant

86 2074 206 2149 eripud
223 2090 280 2134 nos
296 2075 385 2148 primi
402 2075 534 2134 omnium
551 2073 706 2133 Gracchus
723 2082 753 2133 et
767 2089 839 2132 mox
853 2071 960 2133 Livius
975 2075 1090 2138 Drusus

115 2158 308 2216 instituerunt
327 2172 491 2230 segregare
511 2157 629 2216 turbam
649 2173 736 2216 suam
757 2163 788 2215 et
802 2156 879 2217 alios
894 2155 925 2215 in
941 2166 1091 2218 secretum

115 2241 267 2313 recipere,
295 2239 373 2298 alios
394 2241 636 2313 cumpluribus,
660 2241 736 2300 alios
758 2239 932 2301 universos.
972 2241 1091 2303 Habue·

115 2331 186 2382 runt
198 2323 300 2394 itaque
310 2321 359 2380 isti
371 2322 486 2382 amicos
499 2324 629 2397 primos,
644 2322 816 2383 habuerunt
828 2323 996 2400 secundos,
1010 2342 1090 2386 num·

85 2417 206 2480 aquam
222 2419 323 2463 veros.
360 2404 499 2466 Amicum
515 2423 625 2479 vocas,
643 2407 779 2467 cuiusdis
795 2406 1091 2482 ponitursalutatiol

116 2497 168 2549 aut
190 2497 291 2564 potest
311 2489 401 2548 huius
417 2490 469 2549 tibi
485 2499 590 2566 patere
605 2491 699 2563 fides,
724 2492 776 2566 qui
793 2492 946 2565 perfores
963 2494 1091 2567 maligne

115 2583 238 2648 apertas
259 2590 319 2633 non
340 2573 444 2647 intrat,
468 2576 525 2634 scd
544 2575 705 2635 inlabitur?
726 2575 797 2634 huic
815 2574 979 2649 pervenire
993 2591 1090 2651 usque

115 2659 155 2717 ad
170 2659 418 2732 destringendam
433 2658 599 2719 libertatem
614 2658 698 2730 licet,
716 2659 803 2719 cuius
816 2661 941 2733 volgare
955 2668 985 2720 et
995 2661 1090 2734 publi-

116 2759 185 2800 cum
206 2742 334 2801 verbum
356 2751 386 2802 et
403 2742 610 2816 promiscuum
631 2743 742 2817 ignotis
764 2742 861 2802 have
882 2759 945 2802 non
962 2745 1023 2804 nisi
1038 2760 1089 2804 suo

85 2825 223 2884 4ordine
243 2824 405 2885 emittitur?
436 2827 484 2885 Ad
501 2842 724 2902 quemcumque
738 2825 843 2901 itaque
857 2826 986 2888 istorum
1002 2843 1089 2886 vene-

114 2908 173 2981 riS,
197 2925 327 2982 quorum
343 2909 483 2969 salutatio
501 2911 604 2969 urbem
621 2910 768 2983 concutit,
789 2910 883 2983 scito,
899 2911 1019 2971 etiamsi
1031 2911 1089 2971 ani·

115 2991 314 3051 madverteris
331 2992 481 3052 obsessos
498 2993 612 3068 ingenti
628 2993 800 3068 frequentia
815 2994 900 3054 vicos
916 3000 946 3053 et
961 3009 1089 3055 comme-

115 3076 227 3134 antium
248 3073 278 3134 in
299 3084 460 3150 utramque
481 3085 598 3151 partem
623 3077 754 3136 catervis
779 3076 888 3137 itinera
912 3093 1088 3152 conpressa,

114 3165 215 3218 tamen
237 3159 342 3218 venire
361 3166 392 3218 te
408 3160 438 3218 in
454 3160 555 3220 locum
568 3159 742 3226 homiuibus
758 3162 896 3234 plenum,
919 3162 1028 3222 amicis
1043 3177 1088 3220 va·

86 3245 215 3300 bouum.
252 3243 286 3301 ln
310 3250 436 3318 pectore
456 3245 587 3318 amicus,
616 3262 676 3306 non
698 3245 729 3304 in
749 3243 825 3305 atrio
847 3245 1012 3318 quaeritur.
1042 3245 1088 3303 illo

115 3326 325 3401 recipiendus,
340 3325 401 3385 illie
411 3327 585 3388 retinendus
598 3335 645 3388 est
657 3337 687 3390 et
697 3328 727 3387 in
741 3344 851 3388 sensus
865 3330 1088 3389 recondendus.

114 3407 181 3468 Hoc
197 3410 289 3471 doce:
311 3419 416 3486 gratus
432 3425 475 3469 es.
959 3423 962 3427 ·
