2364 3840
117 181 158 246 28
407 182 440 240 L.
463 180 607 238 ΑΝΝΑΕΙ
630 177 804 238 SENECAE

91 335 197 403 sonim
211 335 340 395 alienam
363 348 426 394 rem
445 349 506 392 non
527 332 667 404 accipere
682 330 872 390 moderatio?
900 329 935 390 Si
950 332 1101 406 exempto

119 419 219 494 magni
233 419 323 478 animi
340 433 419 491 opus
437 424 497 482 est,
513 423 630 473 utamur
645 412 784 472 Graecini
798 412 878 484 Iulii,
894 412 953 472 viri
971 416 1100 489 egregii,

121 519 210 578 quem
234 503 264 562 C.
284 502 397 560 Caesar
418 498 530 558 occidit
551 498 590 556 ob
611 497 669 555 hoc
685 513 792 568 unum,
816 495 901 570 quod
923 498 1039 558 metior
1056 497 1101 558 vir

52 597 57 607 '
119 592 183 644 erat
204 601 295 659 quam
316 597 388 643 esse
409 596 592 656 quemquam
609 586 737 656 tyranno
759 580 892 653 expedit.
924 580 950 638 is
972 596 1047 640 cum
1063 581 1098 641 ab

120 667 225 727 amicis
241 664 466 727 conterentibus
482 665 521 723 ad
537 664 697 737 inpensam
712 663 853 722 ludorum
875 663 1033 737 pecunias
1050 681 1098 724 ac·

120 751 251 825 ciperet,
274 765 414 822 magnam
428 747 588 821 pecuniam
604 746 729 806 aFabio
743 745 867 805 Persico
885 746 1019 806 missam
1039 765 1097 809 non

119 834 237 906 accepit
258 840 287 891 et
307 831 536 905 obiurgantibus
559 829 621 901 nis,
646 831 698 904 qui
719 845 780 888 non
801 828 1009 890 aestimabant
1033 833 1096 891 mit·

119 923 233 986 tantm,
257 916 313 973 sed
328 914 437 986 missa,
462 915 545 988 quod
562 914 769 987 repudiasset:
795 929 856 985 epo,
879 911 991 986 inquit,
1013 917 1096 975 abeo

119 1000 288 1070 beneficiam
302 1001 461 1072 accipiam,
482 1014 572 1072 apua
587 999 824 1072 propinationem
841 1003 1025 1070 accepturus
1040 1016 1097 1058 noa

86 1078 202 1147 osum?
231 1080 304 1141 Cum
324 1080 365 1140 itti
388 1081 512 1140 Rebilus
536 1080 720 1149 consuturis,
748 1079 838 1138 homo
860 1079 1002 1138 eiusdem
1022 1082 1096 1140 inta-

119 1165 211 1237 miae‚
238 1165 382 1225 maiorem
397 1181 545 1223 summam
560 1164 695 1223 misisset
713 1163 917 1234 instaretque,
940 1169 974 1221 ut
996 1164 1096 1239 accipi

119 1248 250 1307 iuberet:
271 1265 358 1323 ropo,
381 1248 492 1322 inquit,
517 1252 666 1321 ipnoscam
689 1253 720 1306 et
735 1264 754 1304 o
769 1247 888 1305 Persico
904 1261 965 1305 non
982 1251 1095 1323 accept.

118 1332 224 1392 Utrum
239 1332 298 1391 hoc
314 1346 441 1390 munera
456 1332 596 1405 accipere
612 1337 659 1388 est
673 1346 711 1388 an
728 1335 866 1388 senatum
882 1329 1009 1402 tegeret

177 1415 268 1473 XXII.
297 1410 1023 1486 CumaccipiendumiudicaverimuS,
1048 1413 1094 1473 hi·

118 1499 223 1556 lares
251 1497 507 1570 accipiamus,
539 1495 777 1569 profitentes
802 1494 984 1569 gaudium
1011 1504 1045 1555 et
1066 1497 1095 1556 id

118 1581 200 1638 danti
214 1578 406 1640 manifestum
418 1579 465 1650 sit,
480 1586 513 1637 ut
529 1579 655 1638 fructum
673 1585 864 1650 praesentem
876 1578 988 1649 capiat.
1014 1580 1096 1640 iusta

118 1663 197 1720 enim
219 1677 313 1720 causa
338 1662 467 1720 laetitiae
486 1669 533 1721 est
552 1664 663 1720 laetum
684 1663 813 1720 amicum
835 1660 954 1731 videre,
985 1662 1096 1722 iustior

119 1744 247 1815 secisse,
270 1760 361 1818 quam
376 1752 460 1817 grate
475 1747 515 1803 ad
530 1761 586 1806 nos
603 1745 782 1819 pervenisse
797 1743 966 1802 indicemus
984 1745 1094 1806 effusis

117 1826 297 1886 adfectibus.
328 1828 412 1901 quod
428 1844 488 1888 non
504 1829 572 1904 ipso
594 1834 706 1888 tantum
727 1828 883 1898 audiente,
903 1827 961 1884 sed
977 1827 1095 1904 ubique

118 1918 272 1970 testemur.
316 1910 371 1984 Qui
398 1920 483 1985 grate
509 1912 688 1972 beneficium
715 1911 839 1984 accipit,
870 1909 999 1983 primam
1027 1913 1095 1971 eius

120 1995 300 2068 pensIonem
316 1995 418 2055 solvit.
506 1998 509 2003 “

90 2075 121 2140 ι’
179 2078 283 2136 XXIII.
303 2077 396 2137 Sunt
413 2078 579 2152 quidam,
605 2077 667 2150 qui
688 2074 913 2134 notuntnisi
932 2086 1094 2139 secreto

118 2161 308 2233 accipere.
352 2167 459 2220 testem
480 2159 620 2219 beneficii
643 2166 672 2217 et
692 2161 851 2219 conscium
872 2159 980 2217 vitant:
1008 2180 1094 2236 quos

119 2243 199 2300 scias
215 2241 285 2300 licet
300 2245 378 2302 male
394 2242 537 2316 cogitare.
565 2243 719 2315 quomodo
740 2243 823 2301 danti
844 2242 873 2299 in
888 2247 1004 2302 tantum
1022 2261 1094 2319 pro-

119 2325 260 2383 ducenda
275 2325 379 2384 notitia
392 2334 439 2385 est
454 2325 586 2384 muneris
603 2326 665 2397 sui,
688 2325 718 2383 in
736 2332 881 2398 quantum
903 2326 1096 2388 delectatum

118 2414 165 2466 est
180 2423 262 2480 eum,
284 2409 333 2467 cui
348 2408 450 2480 datur,
471 2407 514 2467 ita
532 2407 691 2482 accipienti
713 2409 885 2467 adhibenda
901 2410 1011 2468 concio
1029 2418 1094 2472 est:
1127 2480 1129 2484 Α

85 2493 200 2564 2qu0d
222 2493 317 2567 pudet
339 2493 467 2563 debere,
497 2506 534 2549 ne
549 2492 716 2565 acceperis.
757 2491 915 2565 Quidam
945 2493 1094 2554 furtive
1127 2493 1129 2496 ⁴

116 2583 233 2648 agunt
252 2575 400 2649 gratias
422 2574 496 2634 etin
511 2575 622 2648 anguto
638 2583 668 2636 et
682 2575 722 2634 ad
737 2591 857 2635 aurem:
886 2591 948 2634 non
964 2576 1094 2638 estdsta

115 2660 314 2728 verecundia,
338 2659 395 2716 sed
416 2657 563 2716 infitiandi
584 2673 692 2731 genus.
722 2659 858 2732 ingratus
880 2665 942 2731 est,
970 2659 1025 2733 qui
1046 2676 1093 2719 re·

115 2742 204 2800 motis
221 2740 342 2799 arbitris
359 2740 420 2813 agit
434 2741 556 2816 gratias.
585 2740 712 2814 Quidam
728 2745 835 2802 notant
847 2741 969 2801 nomina
982 2757 1093 2802 secum

115 2821 181 2881 fieri
197 2838 253 2880 nec
268 2823 419 2896 interponi
443 2826 579 2898 pararios
601 2841 657 2885 nec
675 2826 845 2900 signatores
866 2825 1013 2884 advocari
1034 2841 1093 2885 nec

116 2905 351 2978 chirographum
367 2908 454 2967 dare:
483 2909 564 2968 idem
585 2909 712 2980 faciunt,
735 2909 786 2983 qui
800 2908 873 2967 dant
893 2922 1037 2982 operam,
1061 2917 1094 2970 ut

84 2987 295 3052 abeneficium
311 2990 341 3047 in
357 2991 444 3065 ipsos
461 2992 602 3052 collatum
615 3008 706 3066 quam
718 2991 941 3066 ignotissimum
957 2991 1006 3050 sit.
1028 2993 1092 3053 Ve-

113 3078 217 3130 rentur
242 3074 340 3146 palam
367 3076 460 3147 serre,
486 3083 519 3135 ut
539 3092 595 3135 sua
622 3075 722 3148 potius
745 3074 853 3134 virtute
876 3090 967 3148 quam
987 3075 1093 3136 alieno

114 3154 263 3214 adiutorio
280 3159 436 3217 consecuti
458 3159 611 3217 ‹licentum›
642 3158 774 3217 rariores
795 3157 826 3216 in
847 3173 953 3218 eorum
976 3159 1093 3219 officiis

113 3244 197 3310 sunt,
222 3240 332 3313 quibus
355 3240 445 3299 vitam
467 3249 518 3300 aut
538 3241 713 3314 dignitatem
736 3241 862 3314 debent,
891 3248 920 3299 et
935 3242 1008 3300 dum
1024 3245 1093 3317 opi·

112 3318 232 3380 nionem
248 3323 400 3383 clientium
416 3324 533 3393 timent,
552 3324 724 3396 graviorem
741 3324 874 3384 subeunt
889 3325 1092 3398 ingratorum.

82 3409 97 3461 1
170 3404 276 3464 xxiv.
296 3405 1094 3482 Atiipessimeloquunturdeoptimeme·
