2364 3840
120 125 182 190 184
431 127 462 185 L.
484 126 632 186 ΑΝΝΑΕΙ
655 125 829 186 SENECAE

86 277 180 340 itur:
211 287 242 338 at
263 279 315 338 ubi
337 284 515 353 quaeretur,
540 277 609 350 quis
632 285 731 335 terrae
751 276 828 337 situs
849 277 904 352 sit,
932 295 994 352 qua
1014 288 1093 354 parte

113 363 218 422 mundi
241 361 430 432 consederit,
455 360 610 435 quomodo
632 360 783 419 adversus
798 359 902 421 sidera
917 363 1093 438 coelumque

116 446 216 522 posita
230 446 283 517 sit,
301 445 376 504 haee
394 443 534 518 quaestio
550 444 640 502 cedet
654 442 867 518 superioribus
881 450 927 518 et,
948 451 982 507 ut
998 447 1039 505 ita
1053 448 1088 506 di·

115 545 197 602 eam,
218 529 374 587 meliorem
391 528 602 588 condicionem
617 533 772 600 sequetur.

86 612 98 663 Ι
175 613 210 671 ll.
233 612 379 686 Quoniam
400 611 463 669 dixi
482 611 521 670 de
544 609 699 685 partibus,
722 609 753 669 in
775 625 853 687 quas
875 613 976 671 omnis
998 627 1093 671 rerum

116 704 241 756 naturae
257 695 381 754 materia
395 693 554 766 dividitur,
572 692 757 767 quaedam
778 693 814 753 iu
828 708 1028 754 commune
1042 695 1091 753 di-

116 776 477 839 cendasuntethoc
497 777 655 849 primum
678 778 1022 851 praesumendum,
1042 778 1092 837 in·

116 858 1092 934 tereacorpora,[a]quibusuuitasest,aeraessc.

83 944 100 994 2
116 945 193 1018 Quid
211 944 249 1001 sit
267 943 335 1016 hoc,
352 958 447 1016 quare
464 942 713 1016 praecipiendum
729 943 831 1014 fuerit,
849 943 947 1016 scies,
963 943 991 1004 si
1007 947 1094 1018 paulo

115 1029 205 1086 altius
228 1026 378 1099 repetiero
395 1033 425 1085 ει
436 1027 543 1085 dixero
559 1041 631 1085 csse
646 1025 762 1098 aliquid
777 1027 971 1102 continuum,
984 1028 1093 1102 aliquid

116 1110 322 1171 commissum.
351 1110 597 1169 continuatio
620 1115 667 1168 εει
690 1109 819 1183 partium
832 1107 911 1169 inter
926 1125 963 1170 se
976 1128 1040 1172 non
1054 1110 1092 1169 in-

117 1193 257 1254 termissa
272 1193 456 1254 coniunctio.
489 1210 533 1252 un
543 1193 551 1251 i
561 1199 618 1252 tas
641 1194 771 1252 estsine
786 1192 990 1253 commissura
1005 1193 1092 1255 conti·

116 1276 234 1347 nuatio,
252 1283 281 1335 et
297 1281 499 1349 [commissura
510 1277 562 1352 est]
579 1277 708 1335 duorum
724 1277 800 1335 inter
815 1292 850 1335 se
866 1277 1094 1338 coniunctorum

83 1368 100 1420 3
117 1376 280 1436 corporum
295 1368 402 1421 tactus.
429 1360 583 1434 Numquid
597 1358 722 1418 dubium
738 1368 799 1432 est,
822 1361 895 1434 quin
914 1375 953 1418 ex
968 1360 1018 1421 his
1033 1377 1093 1422 cor-

118 1445 258 1521 poribus,
282 1460 362 1518 quae
382 1445 521 1503 videmus
536 1449 777 1516 tractamusque,
801 1459 881 1516 quae
897 1450 950 1504 aut
964 1446 1093 1505 sentiun-

116 1538 164 1588 tur
179 1535 231 1587 aut
248 1527 395 1599 sentiunt,
418 1527 568 1601 quaedam
584 1527 644 1586 sint
661 1529 842 1601 [conposita
858 1529 1010 1601 quaedam
1023 1531 1094 1599 aaa]

118 1610 301 1685 conposita?
336 1611 387 1668 iila
412 1615 552 1669 constant
577 1616 629 1669 aut
654 1625 735 1669 nexu
759 1615 810 1668 aut
831 1612 1043 1685 accuratione,
1067 1617 1096 1670 ut

118 1701 192 1769 puta
206 1694 302 1765 funis,
318 1694 514 1764 frumentum,
531 1693 653 1764 [navis].
672 1709 779 1752 rursus
796 1710 857 1753 uon
873 1695 1053 1769 conposita,
1066 1701 1097 1753 ut

119 1778 224 1848 arbor,
251 1776 340 1850 lapis.
375 1776 456 1849 Ergo
480 1777 634 1835 concedas
655 1783 790 1850 oportet,
816 1792 856 1836 ex
881 1775 931 1836 his
963 1793 1095 1853 quoque,

120 1874 198 1936 quate
220 1874 346 1919 sensum
368 1860 489 1935 quidem
516 1859 680 1933 effugiunt,
707 1867 838 1919 ceterum
864 1860 985 1920 ratione
1011 1876 1095 1937 pren-

86 1944 103 1996 4
118 1945 244 2018 duntur,
260 1959 331 2002 esse
344 1944 373 2002 in
387 1943 568 2018 quibusdam
580 1944 723 2002 unitatem
736 1958 909 2017 corporum.
928 1946 1008 2004 Vide
1024 1962 1095 2021 quo·

119 2029 211 2088 modo
233 2028 358 2087 auribus
384 2028 444 2086 tuis
472 2043 611 2100 parcam:
641 2025 788 2099 expedire
816 2042 865 2084 me
890 2034 1046 2101 poteram,
1071 2029 1096 2088 si

118 2110 370 2186 philosophorum
390 2111 494 2183 lingua
513 2110 556 2169 uti
579 2109 758 2183 voiuissem,
784 2117 817 2169 ut
837 2111 972 2170 dicerem
994 2111 1098 2171 unita

119 2209 295 2268 corpora.
313 2192 372 2252 lroc
387 2208 454 2251 eum
471 2192 523 2250 tibi
537 2194 698 2264 remittam,
715 2200 747 2252 tu
763 2193 891 2253 invicem
908 2194 1006 2267 [mihi]
1020 2197 1099 2255 refer

117 2277 252 2350 gratiam.
283 2274 382 2346 Quare
396 2275 498 2333 istud?
518 2273 683 2349 siquando
701 2276 807 2337 dixero
822 2294 931 2349 unum,
954 2277 1097 2338 memine·

117 2359 159 2417 ris
176 2374 299 2418 menon
317 2359 355 2416 ad
373 2373 529 2416 numerum
544 2360 673 2432 referre,
696 2361 752 2419 sed
771 2360 811 2419 ad
832 2367 972 2421 naturam
987 2379 1096 2438 corpo·

118 2443 160 2502 ris
173 2443 255 2502 nuda
269 2457 329 2516 ope
345 2448 484 2513 externa,
501 2443 556 2501 sed
570 2444 682 2502 unitate
694 2460 751 2503 sua
762 2443 964 2505 cohaerentis.
979 2445 1027 2505 Ex
1040 2446 1098 2506 hac

117 2535 189 2586 nota
204 2543 367 2601 corporum
382 2541 434 2585 aer
449 2534 510 2601 est..

88 2621 101 2671 1
177 2611 226 2669 ΙΙΙ.
251 2610 358 2670 Omnia
380 2610 509 2685 quaein
532 2611 666 2671 notitiam
689 2618 824 2670 nostram
845 2611 959 2672 cadunt
980 2619 1034 2673 aut
1048 2628 1096 2672 ca·

118 2695 191 2753 dere
208 2702 353 2769 possunt,
368 2693 500 2754 mundus
517 2694 727 2768 conplectitur.
750 2709 789 2754 ex
802 2695 851 2754 his
863 2695 1018 2770 quaedam
1031 2698 1098 2756 eius

118 2790 221 2852 partes
247 2786 336 2851 sunt,
361 2778 512 2852 quaedam
533 2777 677 2837 materiae
698 2779 767 2838 loco
789 2779 902 2838 relicta.
943 2779 1099 2840 desiderat

117 2862 194 2919 enim
212 2861 310 2920 omnis
322 2869 428 2921 natura
443 2862 608 2933 materiam,
625 2861 703 2920 siout
721 2876 772 2920 ars
784 2861 898 2935 omnis,
915 2879 997 2937 quae
1008 2878 1098 2922 manu

87 2950 245 3004 tconstat.
280 2943 359 3015 Quid
380 2944 419 3002 sit
439 2945 512 3016 hoe,
537 2944 671 3020 apertius
695 2945 812 3004 faciam.
844 2945 918 3004 Pars
939 2953 988 3005 est
1003 2944 1098 3006 nostri

118 3027 241 3098 oculus,
257 3042 379 3099 manuS,
395 3041 484 3100 ossa,
500 3029 601 3087 nervi:
625 3028 749 3087 materia
762 3043 873 3088 succus
889 3029 1024 3089 recentis
1040 3029 1098 3088 cibi

117 3110 213 3168 iturus
229 3108 257 3166 in
275 3116 385 3183 partes.
412 3126 519 3170 rursus
534 3111 623 3186 quasi
638 3124 711 3185 pars
727 3119 774 3171 εει
791 3111 916 3187 sanguis
932 3112 1045 3172 nostri:
1070 3122 1100 3170 et

117 3199 218 3251 tamen
237 3198 284 3250 est
302 3191 436 3251 materia.
466 3201 629 3268 praeparat
643 3195 723 3253 enirn
738 3201 769 3254 et
782 3195 842 3253 alia
856 3201 887 3254 et
901 3193 1099 3255 nihilominus

118 3290 223 3334 eorum
239 3282 299 3346 est,
317 3275 428 3349 quibus
443 3282 537 3336 totum
553 3293 666 3351 corpus
683 3277 822 3337 efficitur.

90 3365 103 3418 1
180 3359 232 3418 IV.
259 3357 435 3417 siemundi
458 3375 529 3433 pars
553 3368 601 3419 est
621 3376 673 3419 aer
700 3363 749 3439 [et]
773 3360 896 3435 quidem
911 3363 1099 3422 necessaria.
