2364 3840
118 157 182 221 216
404 156 438 215 L.
460 155 606 216 ANNAEI
628 154 803 216 SENECAE

120 308 232 386 pidem.
267 306 417 382 quaedam
437 313 558 378 tenues,
582 305 731 378 quaedam
752 303 910 379 pingues]
945 305 1094 379 quaedam

121 392 219 464 alunt,
243 391 393 466 quaedam
416 389 482 448 sine
504 389 565 448 ulla
586 387 716 447 bibentis
731 402 792 463 ope
806 393 979 462 transeunt,
1004 404 1096 463 quae·

121 475 191 535 dam
206 474 334 536 haustae
350 472 564 532 secunditatem
578 471 727 531 adierunt.

183 558 232 616 lll.
253 557 298 617 Ut
320 563 401 616 stet
423 571 523 629 aqua
546 554 606 614 vel
628 554 741 627 lluat,
762 553 821 614 loci
847 555 960 629 positio
988 555 1092 614 elficit:

120 641 150 700 in
166 642 286 701 devexo
302 639 381 713 fluit,
397 640 426 697 in
443 639 533 713 plano
551 639 721 698 continetur
734 643 763 696 el
778 644 907 711 stagnat.
930 638 1094 714 aliquando

120 727 150 787 in
172 725 334 784 adversum
360 721 468 797 spiritu
488 717 652 794 inpellitur:
680 729 751 781 tunc
776 720 909 795 cogitur,
935 737 998 782 non
1020 720 1093 781 iluit.

121 807 322 882 colligitur
343 820 382 863 ex
404 803 560 864 imbribus.
593 820 637 862 ex
660 820 728 864 suo
751 804 858 864 ionte
879 806 1017 866 nativa
1039 814 1093 865 est.

120 890 192 950 nihil
215 897 314 949 tamen
339 886 479 962 prohibet
499 887 607 946 eodem
624 888 693 948 loco
708 902 820 963 aquam
835 886 939 962 colligi
954 896 986 949 et
1001 889 1094 961 nesci,

122 971 204 1048 quod
226 973 256 1031 in
278 972 393 1031 Fucino
417 971 570 1043 videmus,
596 969 626 1031 in
653 987 743 1046 quem
768 977 886 1032 montes
910 970 1094 1032 circumiecti

122 1056 268 1130 quicquid
283 1055 359 1116 ludit
371 1054 472 1130 pluvia
488 1054 642 1126 derivant,
657 1055 713 1114 sed
728 1068 857 1129 magnae
868 1053 898 1112 in
914 1052 986 1130 ipso
1001 1057 1092 1115 laten-

120 1147 230 1212 tesque
249 1155 347 1199 senae
368 1144 447 1198 sunt.
475 1137 577 1212 itaque
597 1136 685 1196 etiarn
707 1152 774 1198 cum
795 1136 913 1197 hiberni
935 1138 1094 1198 defluxere

119 1231 288 1295 torrentes,
304 1224 412 1282 laciem
428 1237 514 1281 suam
530 1228 641 1281 servat.

183 1307 233 1366 IV.
264 1307 423 1365 Primum
445 1320 535 1378 ergo
559 1320 803 1379 quaeramus,
833 1305 1027 1378 quomodo
1050 1304 1093 1364 ad

121 1391 410 1450 continuandos
439 1388 641 1447 fluminum
666 1403 807 1448 cursus
840 1394 947 1447 terra
980 1389 1090 1455 sulii·

121 1476 210 1545 ciat,
226 1474 326 1534 unde
342 1480 489 1532 tantum
504 1477 819 1546 aquarumexeat.
839 1470 995 1546 Miramur,
1011 1471 1091 1547 quod

119 1556 331 1616 accessionem
347 1553 503 1614 fluminum
518 1554 612 1613 marie
627 1569 687 1613 non
702 1555 847 1614 sentiant:
869 1570 971 1631 aeque
986 1557 1090 1615 miran-

121 1641 191 1698 dum
213 1648 273 1712 est,
296 1638 380 1713 quod
402 1637 611 1698 detrimentum
633 1637 806 1697 exeuntium
820 1643 902 1697 terra
916 1655 979 1699 non
995 1639 1090 1701 sentit.

123 1722 195 1794 quid
211 1730 273 1794 est,
298 1721 381 1795 quod
396 1721 477 1780 illam
493 1728 545 1781 aut
559 1720 604 1780 sic
620 1719 794 1795 inpleverit,
817 1726 850 1779 ut
865 1723 1016 1796 praebere
1030 1730 1089 1782 tan-

118 1811 181 1864 tum
194 1820 233 1863 ex
244 1804 401 1865 recondito
414 1805 526 1880 possit,
538 1810 589 1864 aut
600 1804 730 1864 subinde
742 1805 791 1864 sic
799 1805 965 1879 suppleam
986 1806 1090 1880 Quam-

122 1903 251 1963 cumque
272 1889 419 1948 rationem
438 1887 661 1948 reddiderimus
685 1889 723 1947 de
746 1886 885 1962 flumine,
908 1891 1018 1949 eadem
1039 1888 1089 1949 erit

119 1968 253 2033 rirorum
268 1989 303 2032 ac
319 1973 454 2032 sontium.

181 2057 219 2114 V.
242 2056 368 2128 Quidam
391 2055 523 2114 iudicant
545 2063 668 2128 terram,
690 2053 835 2130 quicquid
857 2070 1007 2130 aquarum
1021 2051 1088 2114 emi·

119 2137 173 2210 sit,
197 2155 304 2197 rursus
322 2139 463 2212 accipere
481 2136 561 2197 eleb
576 2138 635 2198 hoc
655 2153 711 2198 nec
732 2139 827 2199 maria
841 2153 998 2209 crescere,
1023 2138 1087 2214 quia

118 2220 203 2295 quod
214 2219 348 2293 influxit,
364 2237 424 2279 non
437 2221 466 2278 in
479 2236 568 2280 suum
581 2228 713 2295 vertunt,
729 2223 784 2281 sed
799 2221 940 2298 protinus
951 2221 1087 2283 reddunt

118 2305 236 2362 occulto
253 2304 333 2363 enim
347 2304 452 2363 itinere
467 2304 549 2364 subit
568 2311 664 2364 terras
685 2311 716 2364 et
737 2306 837 2380 palam
852 2305 950 2380 venit,
972 2311 1087 2366 secreto

117 2385 292 2461 revertitur,
316 2388 494 2462 colaturque
510 2388 540 2446 in
555 2388 682 2449 transitu
700 2404 799 2462 mare,
823 2389 907 2464 quod
923 2405 979 2464 per
994 2389 1085 2449 multi·

117 2472 213 2546 plicas
228 2478 374 2531 terrarum
389 2473 542 2531 anfractus
556 2471 746 2532 verberatum
762 2472 993 2551 amaritudlnem
1007 2471 1086 2548 ponit

117 2564 145 2615 et
167 2556 344 2630 pravitatem
368 2555 513 2632 [saporis]
536 2555 565 2614 in
586 2563 668 2616 tanta
683 2555 741 2615 soli
756 2555 903 2616 varietate
918 2555 1005 2617 exuit
1019 2564 1047 2616 et
1059 2557 1084 2614 in

117 2640 266 2700 sinceram
282 2656 393 2714 aquam
411 2640 527 2698 transit.

85 2736 98 2789 1
178 2723 229 2781 Vi.
253 2723 379 2796 Quidam
402 2723 589 2796 existimant,
613 2721 758 2797 quicquid
781 2737 820 2781 ex
840 2722 991 2784 imbribus
1012 2731 1085 2782 terra

116 2804 262 2880 concipit,
275 2807 314 2866 ad
325 2807 385 2865 ima
398 2805 474 2865 trahi
487 2812 516 2865 et
526 2809 557 2865 tn
567 2808 694 2881 aomina
706 2822 813 2867 rursus
825 2806 919 2867 emitti
931 2813 962 2865 et
973 2807 1033 2867 hoc
1043 2820 1084 2865 ar·

115 2889 250 2961 gumenti
267 2888 336 2949 loco
349 2896 480 2964 ponunt,
503 2889 585 2964 quod
599 2887 755 2949 rarissima
772 2887 897 2949 flumina
912 2897 986 2950 sunt
1000 2891 1030 2948 in
1041 2888 1085 2948 his

83 2970 191 3037 piceis
204 2971 314 3046 quibus
326 2988 414 3032 rarus
425 2980 473 3033 est
483 2973 589 3032 imber.
611 2972 685 3032 Ideo
701 2973 801 3034 siccas
812 2973 897 3033 aiunt
907 2973 1085 3048 Aethiopiae

116 3054 295 3116 solitudines
307 3069 379 3114 esse
390 3053 705 3131 paucosquelnveniri
716 3057 746 3115 ln
757 3056 1013 3117 interioreAlrica
1023 3058 1084 3116 lon

115 3145 170 3210 tes,
187 3138 258 3212 quia
273 3138 391 3197 fervida
405 3146 512 3199 natura
526 3139 603 3201 coeli
617 3138 656 3200 sit
671 3146 702 3198 et
718 3155 816 3214 paene
828 3155 953 3215 semper
963 3139 1082 3201 aestiva.

116 3221 276 3295 squalidae
298 3221 400 3297 itaque
422 3223 488 3282 sine
504 3223 628 3296 arbore,
651 3223 717 3284 sine
733 3223 848 3284 cultore
863 3239 977 3285 arenae
991 3223 1083 3283 iacent

115 3304 193 3365 raris
211 3303 358 3367 imbribus
374 3321 518 3380 sparsae,
540 3323 619 3381 quos
635 3307 735 3366 statim
751 3307 926 3379 conbibunt.
959 3308 1003 3368 At
1015 3321 1081 3367 con·

114 3393 161 3447 tra
175 3395 295 3450 constat
312 3389 501 3449 Germaniam
517 3398 547 3450 et
561 3390 687 3450 Galliam
701 3399 731 3451 et
745 3389 885 3466 proxime
899 3391 939 3451 ab
955 3390 1015 3451 illis
1028 3389 1083 3450 lta·
