2364 3840
263 207 315 267 DE
334 205 547 268 BENEFICIIS
568 207 704 267 LIB.Vl.
727 214 860 271 36-40.
986 208 1044 272 131

66 359 277 437 negotiatione
290 367 377 434 sunt,
400 361 536 420 damnes.
565 375 672 420 omnes
688 361 767 418 enim
782 359 863 418 idem
880 360 998 432 volunt,
1013 360 1046 421 id

67 453 119 506 est
133 445 213 504 intra
226 459 261 504 se
276 450 395 518 optant:
418 460 559 518 magnam
572 442 729 509 hominum
744 448 860 518 partem
875 443 1044 504 damnabis.

68 530 119 588 cui
132 528 212 587 enim
223 544 283 588 non
294 543 334 587 cx
347 527 446 588 alieno
458 528 652 588 incommodo
664 529 804 587 lucrum?
832 527 922 586 Miles
933 526 1074 597 belluma

67 618 170 688 optat,
192 611 219 671 si
239 612 375 686 gloriam.
401 612 566 686 agricolam
580 627 722 671 annonae
738 612 847 670 caritas
863 611 959 685 erigit.
983 613 1045 671 elo-

68 694 212 770 quentiae
232 696 362 770 pretium
382 702 524 770 exceptat
543 695 638 755 litium
652 711 807 755 numerus.
834 694 962 754 medicis
977 710 1044 769 gra·

65 780 116 840 vis
137 794 237 839 annus
258 779 288 838 in
310 785 472 854 quaestum
493 787 549 839 est.
585 779 739 839 institores
755 780 951 838 delicatarum
966 794 1044 838 mer-

66 863 149 923 cium
159 862 300 923 iuventus
313 869 457 937 corrupta
468 863 642 937 locupletat.
660 864 744 923 nulla
754 869 943 937 tempestate,
959 864 1043 923 nullo

64 947 137 1021 igne
152 947 311 1007 laedantur
323 952 418 1006 tecta:
441 946 551 1008 iacebit
566 962 661 1021 opera
675 947 801 1006 fabrilis.
830 947 927 1007 Unius
940 955 1072 1011 votuml

66 1029 294 1105 deprehensum
315 1036 375 1104 est,
399 1030 533 1090 omnium
555 1030 653 1089 simile
673 1036 733 1088 est:
758 1047 795 1088 an
817 1037 850 1089 tu
867 1033 1043 1090 Arruntium

64 1121 96 1173 et
108 1113 268 1174 Haterium
282 1121 312 1173 et
326 1119 462 1189 ceteros,
486 1114 538 1188 qui
555 1113 776 1188 captandorum
794 1120 1043 1173 testamentorum

65 1204 162 1257 artem
182 1197 315 1273 professi
337 1204 421 1271 sunt,
443 1215 504 1257 non
527 1205 617 1271 putas
640 1196 747 1255 eadem
766 1195 880 1254 habere
896 1214 975 1271 quae
991 1199 1042 1256 de-

65 1281 241 1356 signatores
260 1289 291 1341 et
305 1280 484 1341 libitinarios
500 1288 592 1340 votat
620 1281 661 1338 illi
675 1287 792 1352 tamen,
818 1295 947 1352 quorum
963 1296 1042 1339 mor-

63 1373 112 1426 tes
133 1371 253 1440 optent,
282 1366 435 1440 nesciunt,
463 1364 494 1423 hi
520 1363 786 1423 familiarissimum
808 1377 975 1437 quemque,
1003 1377 1043 1421 ex

66 1466 128 1523 quo
148 1455 276 1524 propter
296 1448 455 1508 amicitiam
475 1451 541 1523 spei
556 1450 718 1522 plurimum
734 1454 795 1520 est,
817 1446 892 1505 mori
908 1444 1041 1520 cupiunt.

63 1533 189 1594 Illorum
204 1533 315 1592 darrmo
331 1547 420 1591 nemo
437 1532 523 1605 vivit,
546 1531 604 1591 hos
622 1529 762 1606 quisquis
778 1530 879 1589 dillert
894 1529 1041 1589 exhaurit.

11 1672 17 1677 .
64 1623 174 1691 optant
186 1632 260 1690 ergo
274 1632 336 1675 non
351 1621 466 1674 tantum
481 1622 513 1674 ut
527 1616 686 1688 accipiant,
703 1615 786 1689 quod
801 1616 883 1688 turpi
898 1614 1042 1672 servitute

62 1708 255 1770 meruerunt,
276 1699 435 1758 sedetiam
452 1706 484 1758 ut
497 1699 608 1758 tributo
620 1700 706 1772 gravi
718 1697 891 1757 liberentur.
918 1698 984 1756 Non
996 1703 1070 1766 ests

62 1783 169 1858 itaque
180 1781 305 1842 dubium
318 1783 388 1857 quin
405 1782 436 1841 hi
451 1782 558 1856 magis,
576 1783 659 1856 quod
676 1783 849 1841 damnatum
864 1782 955 1841 estin
970 1798 1040 1855 uno,

63 1873 186 1941 optent,
208 1866 319 1940 quibus
335 1866 476 1941 quisquis
490 1872 586 1925 morte
602 1866 778 1938 prolaturus
792 1871 852 1936 est,
869 1865 931 1922 vita
942 1873 1040 1923 nocet.

63 1947 200 2010 omnium
214 1957 313 2010 tamen
325 1949 452 2010 istorum
463 1955 524 2008 tam
536 1956 609 2008 nota
620 1956 692 2007 sunt
704 1955 775 2007 vota
787 1963 877 2019 quam
894 1945 1041 2018 inpunita.

62 2034 206 2108 Denique
227 2047 262 2093 se
280 2033 412 2107 quisque
428 2034 569 2092 consulat
583 2039 612 2090 et
632 2032 661 2090 in
677 2037 829 2089 secretum
846 2029 978 2104 pectoris
994 2029 1042 2087 sui

61 2117 172 2177 redeat
193 2123 223 2176 et
246 2115 401 2191 inspiciat,
426 2117 500 2190 quid
518 2117 629 2193 tacitus
651 2112 816 2190 optaverit:
840 2128 930 2186 quam
949 2113 1043 2171 multa

64 2205 137 2261 sunt
156 2204 243 2272 vota,
272 2215 352 2274 quae
373 2199 462 2258 etiam
483 2198 542 2259 sibi
564 2198 650 2258 lateri
674 2199 783 2272 pudet!
815 2213 906 2271 quam
932 2211 1040 2270 pauca,

63 2299 145 2360 quae
160 2283 261 2342 lacere
276 2299 379 2342 coram
394 2289 473 2342 teste
488 2284 658 2357 possimus!

126 2364 259 2426 XXXIX.
290 2366 353 2429 Sed
375 2382 437 2425 non
459 2365 607 2440 quicquid
625 2365 927 2440 reprehendendum,
952 2360 1041 2421 etiam
1053 2381 1067 2432 1

61 2448 271 2511 damnandum
292 2458 353 2509 est:
381 2449 459 2508 sicut
478 2449 538 2508 hoc
554 2454 657 2508 votum
673 2447 775 2519 amici,
801 2448 886 2521 quod
899 2448 930 2504 in
946 2445 1043 2502 mani·

60 2533 123 2595 bus
139 2539 202 2606 est,
223 2535 302 2592 male
315 2532 426 2593 utentis
441 2531 523 2591 bona
536 2533 693 2592 voluntate
708 2538 737 2590 et
754 2531 783 2587 in
799 2531 831 2588 id
845 2527 950 2587 vitium
965 2525 1040 2584 inci-

60 2617 179 2689 dentis,
209 2616 293 2692 quod
314 2617 413 2675 evitat.
442 2632 512 2674 nam
534 2616 605 2674 dum
625 2623 744 2688 gratum
767 2613 898 2671 animum
919 2609 1042 2669 lestinat

61 2700 244 2774 ostendere,
262 2700 397 2774 ingratus
414 2705 470 2758 est.
506 2698 607 2773 ‚,Hoe‚
624 2700 678 2771 ait,
699 2699 729 2756 in
744 2701 927 2771 potestatem
942 2708 1069 2762 meamp

58 2784 195 2845 recidat:
223 2784 350 2858 gratiam
370 2799 469 2842 meam
490 2783 659 2853 desideret,
689 2781 756 2840 siue
774 2794 823 2837 me
838 2778 959 2847 salvus,
985 2777 1037 2836 bo·

58 2875 187 2940 nestuS,
208 2874 290 2926 tutus
315 2882 468 2927 essenon
491 2864 599 2940 possit.
627 2874 688 2924 tam
703 2865 795 2923 miser
809 2864 861 2934 sit,
885 2870 918 2921 ut
932 2861 974 2919 illi
988 2861 1042 2920 be-

59 2951 164 3011 neficii
180 2952 249 3012 loco
267 2951 306 3010 sil
317 2950 464 3025 quicquid
478 2951 645 3008 redditur.“
665 2949 748 3006 Haec
763 2948 810 3005 dis
827 2945 1039 3005 audientibus:

59 3034 323 3110 „circumveniant
337 3034 420 3092 illum
437 3031 625 3093 domesticae
639 3031 782 3101 insidiae,
803 3046 879 3103 quas
892 3044 950 3102 ego
965 3045 1039 3103 pos-

59 3119 119 3179 sim
143 3117 229 3178 s'olus
251 3117 433 3191 opprimere.
466 3118 557 3176 instet
577 3122 686 3188 potens
712 3113 853 3173 inimicus
875 3119 905 3172 et
926 3113 1039 3187 gravis,

58 3204 175 3263 intesta
193 3201 283 3262 turba
304 3216 360 3258 nec
375 3201 515 3274 inermis,
536 3198 668 3258 creditor
683 3204 788 3272 urgeat
802 3205 832 3256 et
846 3199 1039 3256 aecusator.“

123 3286 185 3346 XL.
211 3285 291 3343 Vide
308 3300 399 3358 quam
419 3283 463 3342 sis
483 3298 616 3357 aequus:
640 3281 748 3341 horum
764 3287 888 3354 optares
903 3279 991 3352 nihil,
1013 3278 1066 3338 sil

58 3370 113 3432 tibi
133 3366 319 3430 beneficium
334 3383 394 3427 non
410 3367 556 3426 dedisset.
592 3366 632 3426 Ut
646 3364 704 3423 alia
719 3373 851 3432 taceam,
876 3377 956 3435 quae
970 3377 1038 3434 gra-

57 3453 148 3516 viora
162 3449 325 3511 committis
342 3450 477 3524 pessima
492 3465 547 3524 pro
561 3447 682 3524 optimis
693 3442 946 3528 relerendothoc
957 3449 1041 3502 certe
