2364 3840
126 179 168 242 66
402 181 435 239 L.
457 180 604 239 ANNAEl
628 178 804 240 SENECAE

93 333 206 392 llerre
220 331 346 405 gratiam
363 333 477 407 possit,
496 348 536 390 ex
553 333 704 391 sententia
719 346 769 389 res
785 336 874 403 gesta
889 333 961 394 erit.
1006 334 1042 396 Si
1059 347 1083 398 ut

126 416 194 474 litas
215 431 263 473 me
284 423 315 474 et
337 417 464 475 sordida
486 414 663 488 conputatio
686 414 841 473 liberalem
865 413 958 489 lacit,
982 420 1013 478 si
1043 438 1083 480 nu

126 515 268 573 prosum,
291 500 349 557 nisi
367 507 400 558 ut
420 498 550 557 invicem
570 499 619 557 ille
637 497 708 557 mihi
730 496 843 572 prosit,
867 514 932 558 non
956 501 1083 563 dabob

126 582 268 642 neiicium
290 581 497 655 proficiscenti
519 583 547 640 in
570 581 711 640 diversas
732 580 990 659 longinquasque
1012 588 1083 663 regi.

125 683 196 736 neS,
221 665 361 723 abfuturo
380 681 511 738 semper.
544 681 605 724 non
622 665 702 724 dabo
718 665 764 723 sie
779 663 920 739 adiecto,
938 676 974 728 ut
994 687 1072 746 spes

126 751 208 808 nulla
233 748 272 806 sit
294 748 539 808 convalescendi.
576 765 636 808 non
659 748 739 807 dabo
760 747 829 820 ipse
845 749 1023 828 deficiens,
1054 772 1083 816 nc

92 834 206 903 sonim
226 830 326 890 habeo
348 832 516 905 recipiendi
538 840 668 905 tempus.
705 831 797 905 Atqui
819 839 852 890 ut
868 833 955 894 scias
971 854 1044 898 rem
1058 856 1083 915 pt

124 931 159 973 se
181 915 385 986 expetendam
409 932 481 974 esse
507 916 702 986 benefacere,
726 913 854 974 advenis
876 919 977 977 modo
1000 922 1033 980 in
1060 941 1083 982 m

124 1004 220 1056 strum
236 997 344 1058 delatis
357 1005 477 1072 portum
490 1008 520 1058 et
532 999 632 1058 statim
644 998 769 1056 abituris
781 1000 1010 1063 succurrimus.
1029 1007 1083 1080 ign

124 1089 154 1139 ιο
170 1082 316 1154 nanlrago
333 1098 449 1154 navem,
464 1099 524 1156 qua
546 1080 717 1153 revehatur,
732 1089 762 1139 et
777 1080 885 1140 damus
901 1091 935 1143 et
948 1091 1083 1150 struimu

123 1164 255 1223 discedit
279 1165 328 1225 ille
344 1166 395 1225 vix
417 1167 491 1225 satis
516 1174 586 1225 noto
609 1165 715 1223 salutis
740 1171 865 1224 auctore
886 1174 919 1226 et
937 1184 1083 1248 numqua

123 1248 253 1321 amplius
282 1250 310 1307 in
337 1258 538 1323 conspectum
564 1255 703 1308 nostrum
727 1262 913 1309 reversurus
946 1253 1083 1317 debitori

122 1332 211 1391 nobis
228 1332 304 1393 dees
321 1334 442 1406 delegat
459 1338 676 1406 precaturque,
699 1332 740 1390 illi
757 1348 812 1404 pro
836 1347 870 1391 se
886 1338 1026 1407 gratiam
1043 1358 1083 1400 ret

123 1416 210 1474 dant=
244 1416 361 1475 interim
389 1431 446 1474 nos
475 1416 558 1474 iuvet
588 1415 699 1473 sterilis
728 1414 870 1474 beneficii
900 1425 1083 1484 eonscienti:

89 1510 106 1562 4
124 1499 201 1571 Quid
217 1514 285 1557 cum
305 1499 418 1571 inipso
434 1496 514 1556 vitae
535 1497 595 1555 fine
613 1498 819 1570 constitimuS,
843 1515 915 1559 cum
939 1511 1083 1568 testamer

121 1589 183 1640 tum
199 1582 393 1651 ordinamus,
415 1598 476 1640 non
490 1578 641 1638 beneficia
664 1581 736 1639 nihil
758 1581 847 1640 nobis
869 1587 1083 1656 profuturae

120 1664 275 1723 vidimus?
304 1670 449 1736 quantum
475 1664 621 1738 temporis
647 1665 849 1737 consumitur,
879 1673 1040 1741 quamdiu
1061 1691 1083 1735 st

122 1754 204 1805 creto
220 1746 332 1819 agitur,
356 1755 501 1821 quantum
520 1756 550 1808 et
567 1747 677 1822 quibus
700 1747 830 1807 demus‘t
854 1753 930 1823 quid
954 1759 1043 1817 enim
1063 1759 1083 1818 ir

88 1843 104 1895 5
120 1835 228 1900 terest,
245 1830 355 1904 quibus
372 1831 480 1892 demus
496 1833 610 1892 anullo
626 1831 801 1905 recepturi?
818 1833 916 1908 Atqui
932 1854 1083 1916 numquar

120 1913 293 1986 diligendus
319 1915 441 1990 damus,
472 1933 637 1991 numquam
658 1915 754 1988 magis
776 1914 889 1975 iudicia
910 1930 1028 1994 nostra
1048 1932 1083 1985 ter

120 2014 264 2071 quemuS,
287 2015 378 2072 quam
398 2000 450 2059 ubi
474 2002 598 2058 remotis
621 1996 797 2058 utilitatibus
820 1999 922 2061 solum
939 2015 1017 2068 ante
1034 1998 1083 2068 ocu

118 2083 164 2141 los
198 2082 359 2141 honestum
393 2085 488 2153 stetit,
521 2083 635 2140 tamdiu
664 2082 835 2141 officiorum
864 2087 938 2146 mali
974 2092 1083 2153 iudicer

120 2165 266 2238 quamdiu
280 2165 331 2222 illa
347 2164 583 2238 depravat'spes
599 2179 635 2222 ac
651 2172 749 2224 metus
765 2172 796 2224 et
810 2166 1041 2236 inertissimum
1061 2178 1083 2234 n'

118 2246 205 2317 tium,
224 2247 380 2319 voluptas:
413 2247 464 2306 ubi
486 2261 568 2315 mors
584 2248 751 2306 interclusit
766 2250 867 2307 omnia
890 2260 921 2311 et
936 2259 983 2315 ad
1005 2259 1083 2320 ieren

119 2329 188 2387 dam
211 2330 391 2389 sententiam
415 2329 621 2402 incorruptum
643 2330 776 2391 iudicem
798 2333 893 2407 misit,
919 2345 1083 2412 quaerimu

118 2410 330 2487 dignissimos,
346 2413 457 2489 quibus
473 2420 578 2471 nostra
592 2416 748 2473 tradamus
765 2431 822 2474 neo
838 2417 1014 2495 quicquam
1032 2443 1083 2488 cur

118 2496 270 2556 sanctiore
287 2497 489 2571 conponimus
509 2512 599 2570 quam
628 2498 712 2571 quod
733 2497 773 2555 ad
794 2515 851 2559 nos
869 2518 933 2562 non
957 2512 1083 2582 pertinet

85 2580 162 2648 fiAc
187 2580 361 2640 mehercule
386 2588 458 2639 tune
482 2594 593 2653 magna
614 2581 758 2654 voluptas
785 2582 868 2643 subit
893 2592 1083 2662 cogitantem

116 2662 197 2723 hunc
212 2680 270 2737 ego
286 2662 516 2736 locupletiorem
530 2663 637 2722 faciam
653 2671 683 2723 et
697 2663 787 2726 huius
810 2666 951 2740 dignitati
968 2677 1081 2739 adiecti

117 2747 227 2819 opibus
244 2746 360 2818 aliquid
375 2744 549 2818 splendoris
565 2747 741 2806 adlundam.
780 2749 890 2810 Sinon
908 2754 1028 2821 damus
1051 2763 1083 2821 be

115 2827 226 2886 neficia
240 2827 299 2886 nisi
313 2828 481 2902 recepturi,
504 2829 652 2890 intestatis
668 2833 858 2893 moriendum
875 2837 924 2895 sit.

85 2929 98 2979 1
176 2909 239 2968 ΧΗ.
262 2909 403 2983 ‚,Dicitis,
425 2912 537 2987 inquit,
560 2915 742 2975 beneficium
759 2917 906 2978 creditum
929 2921 1083 2988 insolubili

115 3009 202 3053 esse:
224 2993 372 3054 creditum
391 3004 490 3056 autern
511 3014 571 3057 non
595 3006 642 3058 est
667 3015 717 3057 res
743 3016 799 3074 per
824 3017 859 3060 se
884 3013 1083 3079 expetenda*

115 3077 189 3137 Cum
205 3078 351 3138 creditum
375 3080 519 3156 dicimus,
542 3081 674 3156 imagine
696 3090 725 3142 et
745 3085 950 3150 translatione
971 3096 1083 3155 utimur

114 3161 160 3219 sic
174 3160 253 3219 enim
269 3169 299 3220 et
316 3164 414 3237 legem
436 3167 549 3226 scimus
571 3166 642 3226 iusti
663 3167 827 3241 iniustique
842 3172 983 3243 regulam
1009 3195 1080 3240 esse

25 3262 35 3281 ·
114 3249 144 3304 et
157 3245 264 3317 regula
278 3261 339 3304 non
356 3253 404 3307 est
417 3264 467 3308 res
490 3267 545 3324 per
566 3267 601 3311 se
621 3251 803 3324 expetenda.
838 3252 878 3310 ad
898 3253 981 3317 haec
1001 3264 1083 3323 vern

113 3327 370 3390 demonstrandae
385 3331 429 3391 rei
445 3347 540 3394 causa
558 3335 789 3395 descendimus:
814 3351 881 3394 curn
904 3337 976 3401 dieo
996 3347 1083 3407 credi

112 3419 190 3487 tum,
214 3411 396 3489 intellegitur
418 3422 569 3493 tamquam
592 3418 747 3479 creditum.
782 3418 828 3476 vis
856 3420 959 3482 scir-ea
991 3429 1083 3492 adicio
