2364 3840
169 156 229 222 188
454 160 485 220 t.
508 159 653 219 ANNAEI
674 158 850 219 SENECAE

166 309 234 384 ipse
251 309 374 383 quidem
397 326 451 386 per
471 311 572 386 ipsum
589 309 713 381 transit,
737 326 798 384 quo
808 309 977 382 scinditur,
999 317 1029 370 et
1044 312 1145 370 media

165 410 226 453 non
243 394 457 454 circumfundit
472 401 585 454 tantum
601 402 630 452 et
643 394 795 468 utrimque
807 393 906 468 cingit,
923 394 981 453 sed
996 405 1142 468 permeat.

136 494 149 544 1
228 477 265 536 lt.
286 478 334 536 Ab
359 477 481 537 aethere
496 477 685 539 lucidissimo
701 492 753 536 aer
768 477 797 535 ln
812 483 923 535 tenum
936 493 1040 552 usque
1056 477 1142 537 diliu-

165 577 220 620 sus
242 569 303 633 est,
328 559 436 634 agilior
462 561 584 634 quidem
607 559 790 635 tenuiorque
814 567 844 619 el
863 559 953 620 altior
972 562 1063 621 terris
1086 578 1144 621 nec

164 645 264 702 minus
280 644 385 718 aquiS,
401 651 537 703 ceterum
552 642 674 703 aethere
688 641 820 719 spissior
834 645 1038 719 graviorque,
1061 645 1143 718 lrigi-

165 728 223 786 dus
239 742 296 800 per
316 742 350 785 se
367 733 397 785 ει
411 726 572 786 obscurus.
599 727 701 785 lumen
713 728 756 786 illi
771 727 916 800 calorque
928 727 1052 787 aliunde
1063 736 1143 801 sunt,

165 811 222 869 sed
248 825 309 868 non
333 824 390 883 per
415 824 504 868 omne
527 810 659 883 spatium
680 812 728 871 sui
752 809 858 869 similis
879 817 941 870 est:
970 817 1144 871 mutatura

132 915 149 966 2
164 892 322 966 proximis.
352 890 476 951 Summa
496 909 570 967 pars
585 891 651 952 eius
667 893 837 954 siccissima
849 892 1101 970 calidissimaque
1115 904 1144 954 ει

165 974 204 1034 ob
218 975 277 1034 hoc
292 975 381 1036 etiam
395 977 575 1036 tenuissima
590 984 637 1035 est
652 985 778 1051 propter
792 975 932 1036 viciniam
947 984 1142 1039 aeternorum

163 1057 277 1131 ignium
305 1065 334 1117 ct
361 1059 429 1119 illos
454 1066 499 1120 tot
524 1069 623 1121 motus
654 1060 788 1119 siderum
809 1059 1036 1135 adsiduumque
1063 1063 1141 1122 coeli

164 1143 390 1202 circumactum.
419 1143 470 1202 illa
485 1160 555 1218 pars
572 1144 631 1202 lma
646 1150 677 1202 et
691 1144 792 1202 vicina
806 1142 895 1202 terris
913 1145 1011 1203 densa
1026 1151 1057 1204 ει
1072 1146 1141 1205 cali-

163 1224 273 1298 ginosa
291 1233 352 1299 est,
379 1227 452 1300 quia
474 1236 611 1287 terrenas
632 1226 844 1286 exhalationes
859 1233 1007 1300 receptat.
1040 1229 1141 1288 media

163 1325 237 1383 pars
252 1309 461 1385 temperatior,
484 1311 511 1370 si
526 1309 652 1370 summis
666 1310 798 1384 imisque
813 1310 970 1383 conteras,
993 1321 1141 1385 quantum

163 1392 203 1452 ad
224 1395 390 1453 siccitatem
410 1392 647 1467 tenuitatemque
669 1393 830 1467 pertineat,
859 1399 993 1452 ceterum
1014 1402 1141 1470 utraque

133 1483 249 1554 3parte
271 1477 417 1551 trigidlor.
449 1492 518 1534 nam
540 1477 699 1550 superiora
721 1478 787 1537 eius
809 1477 943 1536 calorem
968 1475 1138 1539 vicinorum

163 1560 297 1618 siderum
313 1557 455 1618 sentiunt.
477 1560 621 1618 interiora
636 1575 760 1634 quoque
770 1568 887 1634 tepent,
902 1560 1034 1634 primurn
1046 1568 1140 1621 terra·

161 1658 227 1700 rum
243 1642 350 1711 halitu,
369 1641 420 1715 qui
436 1644 560 1701 multum
579 1657 683 1702 secum
699 1643 787 1701 calidi
803 1643 916 1717 adlert,
940 1643 1054 1703 deinde
1071 1645 1140 1720 quia

161 1725 238 1783 radii
259 1724 334 1784 solis
355 1726 540 1799 replicantur
559 1732 588 1785 ct
610 1740 773 1800 quousque
791 1725 890 1784 redire
907 1733 1088 1800 potueruut,
1109 1727 1139 1785 id

162 1805 317 1880 duplicato
333 1810 435 1868 calore
449 1809 610 1883 benignius
627 1810 740 1868 lovent.
771 1809 882 1868 deinde
899 1809 989 1869 etiarn
1005 1811 1058 1870 illo
1077 1810 1135 1885 spi·

160 1890 233 1962 ritu,
251 1892 301 1965 qui
317 1892 459 1952 omnibus
475 1893 654 1952 animalibus
671 1891 866 1966 arbustisque
879 1909 915 1952 ac
928 1895 1004 1953 satis
1021 1895 1137 1954 calidus

129 1984 216 2057 4est.
250 1975 323 2034 nihil
349 1976 429 2035 enim
454 1977 570 2035 viveret
594 1977 660 2035 sine
682 1978 793 2035 calore.
827 1976 914 2036 adice
936 1993 1017 2037 nunc
1040 1976 1136 2052 ignes,

161 2074 222 2117 non
247 2066 362 2118 tanturn
388 2075 477 2117 manu
499 2061 596 2117 laetos
618 2066 648 2117 et
670 2066 785 2130 certos,
812 2058 868 2118 sed
890 2068 1017 2133 opertos
1038 2060 1136 2132 terris,

161 2157 291 2214 quorum
314 2142 407 2215 aliqui
429 2150 609 2214 eruperunt,
630 2141 868 2202 innumerabiles
894 2158 936 2202 ex
957 2144 1091 2204 obscuro
1107 2150 1135 2201 et

161 2223 284 2283 condito
303 2221 434 2297 flagrant
449 2239 579 2298 semper.
609 2225 667 2284 hae
683 2233 727 2285 tot
740 2232 844 2299 partes
859 2226 940 2298 eius,
958 2227 1075 2287 lertiles
1090 2241 1133 2284 re-

159 2322 240 2378 rum,
257 2306 370 2366 habent
385 2307 498 2380 aliquid
514 2308 645 2383 teporis,
670 2309 813 2384 quoniam
829 2308 953 2383 quidem
968 2308 1134 2370 sterilelri·

159 2405 217 2463 gus
233 2398 295 2461 est,
318 2391 401 2450 calor
417 2391 521 2466 gignit.
549 2392 651 2451 Media
672 2408 745 2466 ergo
761 2408 834 2466 pars
851 2393 931 2453 aeris
948 2393 986 2451 ab
1001 2392 1050 2452 his
1067 2393 1134 2452 sub-

159 2481 242 2533 mota
257 2475 286 2532 in
303 2475 415 2548 frigore
431 2491 488 2535 suo
505 2483 614 2534 manet.
637 2483 743 2534 natma
757 2475 836 2534 enirn
852 2476 932 2536 aeris
948 2476 1051 2550 gelida
1066 2483 1120 2535 εει.

129 2575 143 2626 1
221 2557 270 2617 XI.
298 2558 353 2632 Qui
375 2575 444 2619 cunt
466 2560 511 2619 sic
532 2557 650 2618 divisus
671 2560 724 2629 sit,
747 2562 807 2618 lma
828 2559 877 2618 sui
898 2566 986 2633 parte
1007 2559 1135 2618 maxime

160 2642 263 2703 varius
288 2652 318 2702 ει
338 2642 517 2704 inconstans
536 2650 565 2701 et
580 2641 731 2703 mutabilis
746 2650 803 2702 est.
832 2641 914 2703 circa
929 2651 1026 2704 terras
1044 2643 1131 2717 pluri·

158 2741 240 2784 mum
265 2727 372 2799 audet,
401 2725 561 2800 plurimum
585 2726 711 2800 patitur,
737 2725 870 2799 exagitat
897 2734 926 2785 ει
951 2726 1133 2800 exagitatur:

159 2825 216 2866 nec
235 2818 334 2869 tamen
356 2810 466 2869 codem
485 2809 576 2869 modo
597 2816 679 2870 totus
701 2809 854 2887 adlicitm·,
876 2809 932 2868 sed
953 2809 1042 2869 aliter
1056 2808 1131 2877 alibi,

127 2899 189 2958 aet
209 2892 346 2965 partibus
371 2890 524 2964 inquietus
546 2909 582 2953 ac
601 2894 740 2954 turbidus
756 2901 812 2952 est.
846 2892 962 2953 Causas
979 2900 1081 2954 autem
1094 2889 1133 2950 illi

159 2974 332 3033 mutationis
348 2981 378 3032 et
392 2975 613 3038 inconstantiae
627 2979 702 3038 alias
718 2985 799 3036 terra
813 2976 953 3050 praehet,
976 2977 1064 3036 cuius
1079 2991 1131 3050 po-

158 3056 285 3115 sitiones
306 3066 358 3116 aut
377 3057 437 3117 huc
462 3066 513 3118 aut
532 3061 583 3120 illo
604 3075 712 3119 versae
734 3075 843 3134 magna
863 3059 903 3118 ad
925 3059 1005 3119 aeris
1020 3067 1132 3133 tempe-

157 3139 233 3196 riem
258 3150 411 3200 momenta
437 3150 523 3214 sunt,
552 3142 627 3201 alias
652 3142 786 3201 siderum
808 3157 933 3213 cursum
960 3142 1133 3218 exquibus

158 3222 216 3280 soli
238 3223 399 3295 plurimum
420 3220 560 3298 inputesz
585 3224 668 3284 illum
690 3225 828 3298 sequitur
849 3241 964 3299 annus,
990 3226 1031 3285 ad
1055 3226 1132 3285 illius

158 3302 272 3364 flexum
292 3306 408 3366 hiemes
431 3313 627 3379 aestatesque
646 3315 812 3366 vertuntur.
845 3311 934 3368 lunae
960 3310 1132 3384 proximum

156 3385 205 3447 ius
221 3395 277 3447 est.
308 3392 363 3450 sed
380 3398 409 3450 et
423 3395 544 3449 ceterae
561 3403 684 3462 quoque
700 3391 805 3449 stellae
822 3408 883 3452 non
898 3392 998 3452 minus
1013 3399 1131 3452 terrena
