<?xml version="1.0" encoding="UTF-8"?>
<!DOCTYPE html PUBLIC "-//W3C//DTD XHTML 1.0 Transitional//EN"
    "http://www.w3.org/TR/xhtml1/DTD/xhtml1-transitional.dtd">
<html xmlns="http://www.w3.org/1999/xhtml" xml:lang="en" lang="en">
 <head>
  <title>
</title>
<meta http-equiv="Content-Type" content="text/html;charset=utf-8" />
  <meta name='ocr-system' content='tesseract 3.04.00' />
  <meta name='ocr-capabilities' content='ocr_page ocr_carea ocr_par ocr_line ocrx_word'/>
</head>
<body>
  <div class='ocr_page' id='page_1' title='image "./lannaeisenecaeo01senegoog_0234.png"; bbox 0 0 2364 3840; ppageno 0'>
   <div class='ocr_carea' id='block_1_1' title="bbox 238 191 1039 265">
    <p class='ocr_par' dir='ltr' id='par_1_1' title="bbox 238 191 1039 265">
     <span class='ocr_line' id='line_1_1' title="bbox 238 191 1039 265; baseline 0.01 -16"><span class='ocrx_word' id='word_1_1' title='bbox 238 191 379 251; x_wconf 85' lang='lat' dir='ltr'><strong>NATUR.</strong></span> <span class='ocrx_word' id='word_1_2' title='bbox 396 192 558 265; x_wconf 71' lang='lat' dir='ltr'><strong>obtusa.</strong></span> <span class='ocrx_word' id='word_1_3' title='bbox 581 192 653 252; x_wconf 86' lang='lat' dir='ltr'><strong>LIB.</strong></span> <span class='ocrx_word' id='word_1_4' title='bbox 666 194 701 251; x_wconf 91' lang='lat' dir='ltr'><strong>II.</strong></span> <span class='ocrx_word' id='word_1_5' title='bbox 724 199 859 257; x_wconf 70' lang='lat' dir='ltr'><strong>tta-39.</strong></span> <span class='ocrx_word' id='word_1_6' title='bbox 976 194 1039 256; x_wconf 80' lang='lat'><strong>201</strong></span> 
     </span>
    </p>
   </div>
   <div class='ocr_carea' id='block_1_2' title="bbox 33 343 1099 2011">
    <p class='ocr_par' dir='ltr' id='par_1_2' title="bbox 52 343 1067 1508">
     <span class='ocr_line' id='line_1_2' title="bbox 57 343 1038 420; baseline -0.001 -14"><span class='ocrx_word' id='word_1_7' title='bbox 57 346 125 420; x_wconf 89' lang='lat' dir='ltr'><strong>fiet,</strong></span> <span class='ocrx_word' id='word_1_8' title='bbox 148 344 268 405; x_wconf 87' lang='lat' dir='ltr'><strong>etiarnsi</strong></span> <span class='ocrx_word' id='word_1_9' title='bbox 281 350 351 405; x_wconf 89' lang='lat' dir='ltr'><strong>vota</strong></span> <span class='ocrx_word' id='word_1_10' title='bbox 362 361 422 404; x_wconf 92' lang='lat' dir='ltr'><strong>non</strong></span> <span class='ocrx_word' id='word_1_11' title='bbox 435 343 580 420; x_wconf 90' lang='lat' dir='ltr'><strong>suscipis.</strong></span> <span class='ocrx_word' id='word_1_12' title='bbox 601 346 627 404; x_wconf 94' lang='lat' dir='ltr'><strong>si</strong></span> <span class='ocrx_word' id='word_1_13' title='bbox 638 363 699 406; x_wconf 94' lang='lat' dir='ltr'><strong>non</strong></span> <span class='ocrx_word' id='word_1_14' title='bbox 712 354 760 406; x_wconf 91' lang='lat' dir='ltr'><strong>est</strong></span> <span class='ocrx_word' id='word_1_15' title='bbox 771 347 918 418; x_wconf 89' lang='lat' dir='ltr'><strong>loturum,</strong></span> <span class='ocrx_word' id='word_1_16' title='bbox 935 346 1038 405; x_wconf 89' lang='lat' dir='ltr'><strong>etiam·</strong></span> 
     </span>
     <span class='ocr_line' id='line_1_3' title="bbox 57 428 1037 503; baseline -0.002 -13"><span class='ocrx_word' id='word_1_17' title='bbox 57 429 85 490; x_wconf 91' lang='lat' dir='ltr'><strong>si</strong></span> <span class='ocrx_word' id='word_1_18' title='bbox 106 445 170 490; x_wconf 88' lang='lat' dir='ltr'><strong>non</strong></span> <span class='ocrx_word' id='word_1_19' title='bbox 192 429 369 503; x_wconf 84' lang='lat' dir='ltr'><strong>susceperis</strong></span> <span class='ocrx_word' id='word_1_20' title='bbox 390 435 477 500; x_wconf 89' lang='lat' dir='ltr'><strong>vota,</strong></span> <span class='ocrx_word' id='word_1_21' title='bbox 500 446 562 489; x_wconf 94' lang='lat' dir='ltr'><strong>non</strong></span> <span class='ocrx_word' id='word_1_22' title='bbox 584 429 666 488; x_wconf 87' lang='lat' dir='ltr'><strong>fiet.“</strong></span> <span class='ocrx_word' id='word_1_23' title='bbox 700 429 791 489; x_wconf 87' lang='lat' dir='ltr'><strong>Falsa</strong></span> <span class='ocrx_word' id='word_1_24' title='bbox 808 436 855 488; x_wconf 90' lang='lat' dir='ltr'><strong>est</strong></span> <span class='ocrx_word' id='word_1_25' title='bbox 875 430 933 489; x_wconf 91' lang='lat' dir='ltr'><strong>ista</strong></span> <span class='ocrx_word' id='word_1_26' title='bbox 948 428 1037 488; x_wconf 90' lang='lat' dir='ltr'><strong>inter-</strong></span> 
     </span>
     <span class='ocr_line' id='line_1_4' title="bbox 54 512 1037 588; baseline -0.002 -16"><span class='ocrx_word' id='word_1_27' title='bbox 54 514 192 588; x_wconf 82' lang='lat' dir='ltr'>rogatio,</span> <span class='ocrx_word' id='word_1_28' title='bbox 215 512 288 587; x_wconf 77' lang='grc'>33333</span> <span class='ocrx_word' id='word_1_29' title='bbox 307 513 387 572; x_wconf 91' lang='lat' dir='ltr'><strong>illam</strong></span> <span class='ocrx_word' id='word_1_30' title='bbox 408 513 538 572; x_wconf 86' lang='lat' dir='ltr'><strong>mediam</strong></span> <span class='ocrx_word' id='word_1_31' title='bbox 553 512 631 572; x_wconf 90' lang='lat' dir='ltr'><strong>inter</strong></span> <span class='ocrx_word' id='word_1_32' title='bbox 646 514 705 573; x_wconf 91' lang='lat' dir='ltr'><strong>ista</strong></span> <span class='ocrx_word' id='word_1_33' title='bbox 719 513 932 588; x_wconf 73' lang='lat' dir='ltr'>exceptionem</span> <span class='ocrx_word' id='word_1_34' title='bbox 948 528 1037 587; x_wconf 91' lang='lat' dir='ltr'><strong>prae-</strong></span> 
     </span>
     <span class='ocr_line' id='line_1_5' title="bbox 56 596 958 672; baseline -0.004 -15"><span class='ocrx_word' id='word_1_35' title='bbox 56 597 145 658; x_wconf 83' lang='lat' dir='ltr'><strong>teris=</strong></span> <span class='ocrx_word' id='word_1_36' title='bbox 169 598 302 656; x_wconf 84' lang='lat' dir='ltr'><strong>futurum</strong></span> <span class='ocrx_word' id='word_1_37' title='bbox 319 596 378 655; x_wconf 89' lang='lat' dir='ltr'><strong>hoe</strong></span> <span class='ocrx_word' id='word_1_38' title='bbox 393 603 456 667; x_wconf 91' lang='lat' dir='ltr'><strong>est,</strong></span> <span class='ocrx_word' id='word_1_39' title='bbox 478 597 533 655; x_wconf 88' lang='lat' dir='ltr'><strong>sad</strong></span> <span class='ocrx_word' id='word_1_40' title='bbox 550 598 576 656; x_wconf 94' lang='lat' dir='ltr'><strong>si</strong></span> <span class='ocrx_word' id='word_1_41' title='bbox 592 605 664 656; x_wconf 91' lang='lat' dir='ltr'><strong>vota</strong></span> <span class='ocrx_word' id='word_1_42' title='bbox 678 606 824 672; x_wconf 89' lang='lat' dir='ltr'><strong>suscepta</strong></span> <span class='ocrx_word' id='word_1_43' title='bbox 840 596 958 656; x_wconf 86' lang='lat' dir='ltr'><strong>luerint.</strong></span> 
     </span>
     <span class='ocr_line' id='line_1_6' title="bbox 118 678 1063 762; baseline 0.002 -22"><span class='ocrx_word' id='word_1_44' title='bbox 118 678 282 740; x_wconf 84' lang='lat' dir='ltr'><strong>XXXVIII.</strong></span> <span class='ocrx_word' id='word_1_45' title='bbox 311 680 397 754; x_wconf 86' lang='lat' dir='ltr'><strong>„Hoc</strong></span> <span class='ocrx_word' id='word_1_46' title='bbox 419 696 559 754; x_wconf 86' lang='lat' dir='ltr'><strong>quoque,</strong></span> <span class='ocrx_word' id='word_1_47' title='bbox 582 682 693 755; x_wconf 81' lang='lat' dir='ltr'><strong>inquil,</strong></span> <span class='ocrx_word' id='word_1_48' title='bbox 721 682 822 755; x_wconf 91' lang='lat' dir='ltr'><strong>ipsum</strong></span> <span class='ocrx_word' id='word_1_49' title='bbox 843 695 975 762; x_wconf 78' lang='lat' dir='ltr'><strong>necesse</strong></span> <span class='ocrx_word' id='word_1_50' title='bbox 990 687 1063 742; x_wconf 89' lang='lat' dir='ltr'><strong>estl</strong></span> 
     </span>
     <span class='ocr_line' id='line_1_7' title="bbox 56 762 1036 839; baseline -0.002 -14"><span class='ocrx_word' id='word_1_51' title='bbox 56 765 119 825; x_wconf 83' lang='lat' dir='ltr'><strong>lato</strong></span> <span class='ocrx_word' id='word_1_52' title='bbox 142 762 389 838; x_wconf 89' lang='lat' dir='ltr'><strong>conprehensum</strong></span> <span class='ocrx_word' id='word_1_53' title='bbox 410 763 462 835; x_wconf 87' lang='lat' dir='ltr'><strong>sit,</strong></span> <span class='ocrx_word' id='word_1_54' title='bbox 484 772 517 823; x_wconf 91' lang='lat' dir='ltr'><strong>ut</strong></span> <span class='ocrx_word' id='word_1_55' title='bbox 538 772 589 824; x_wconf 90' lang='lat' dir='ltr'><strong>aut</strong></span> <span class='ocrx_word' id='word_1_56' title='bbox 611 766 764 839; x_wconf 78' lang='lat' dir='ltr'><strong>suscipias</strong></span> <span class='ocrx_word' id='word_1_57' title='bbox 786 774 858 826; x_wconf 87' lang='lat' dir='ltr'><strong>vota</strong></span> <span class='ocrx_word' id='word_1_58' title='bbox 875 771 928 824; x_wconf 90' lang='lat' dir='ltr'><strong>aut</strong></span> <span class='ocrx_word' id='word_1_59' title='bbox 942 769 1036 825; x_wconf 85' lang='lat' dir='ltr'><strong>non.“</strong></span> 
     </span>
     <span class='ocr_line' id='line_1_8' title="bbox 54 846 1036 924; baseline 0 -17"><span class='ocrx_word' id='word_1_60' title='bbox 54 848 131 909; x_wconf 91' lang='lat' dir='ltr'><strong>Puta</strong></span> <span class='ocrx_word' id='word_1_61' title='bbox 152 862 200 906; x_wconf 91' lang='lat' dir='ltr'><strong>me</strong></span> <span class='ocrx_word' id='word_1_62' title='bbox 221 863 330 907; x_wconf 91' lang='lat' dir='ltr'><strong>manus</strong></span> <span class='ocrx_word' id='word_1_63' title='bbox 352 847 427 906; x_wconf 87' lang='lat' dir='ltr'><strong>dare</strong></span> <span class='ocrx_word' id='word_1_64' title='bbox 448 846 500 905; x_wconf 90' lang='lat' dir='ltr'><strong>tibi</strong></span> <span class='ocrx_word' id='word_1_65' title='bbox 522 855 552 907; x_wconf 90' lang='lat' dir='ltr'><strong>et</strong></span> <span class='ocrx_word' id='word_1_66' title='bbox 570 850 656 908; x_wconf 86' lang='lat' dir='ltr'><strong>lateri</strong></span> <span class='ocrx_word' id='word_1_67' title='bbox 671 849 731 910; x_wconf 91' lang='lat' dir='ltr'><strong>hoc</strong></span> <span class='ocrx_word' id='word_1_68' title='bbox 748 865 871 924; x_wconf 89' lang='lat' dir='ltr'><strong>quoque</strong></span> <span class='ocrx_word' id='word_1_69' title='bbox 887 850 948 907; x_wconf 86' lang='lat' dir='ltr'><strong>lato</strong></span> <span class='ocrx_word' id='word_1_70' title='bbox 965 865 1036 909; x_wconf 90' lang='lat' dir='ltr'><strong>csse</strong></span> 
     </span>
     <span class='ocr_line' id='line_1_9' title="bbox 56 931 1067 1006; baseline 0.003 -15"><span class='ocrx_word' id='word_1_71' title='bbox 56 932 319 1006; x_wconf 90' lang='lat' dir='ltr'><strong>conprehensum,</strong></span> <span class='ocrx_word' id='word_1_72' title='bbox 347 938 380 989; x_wconf 90' lang='lat' dir='ltr'><strong>ut</strong></span> <span class='ocrx_word' id='word_1_73' title='bbox 400 931 505 1003; x_wconf 88' lang='lat' dir='ltr'><strong>utique</strong></span> <span class='ocrx_word' id='word_1_74' title='bbox 526 932 599 991; x_wconf 89' lang='lat' dir='ltr'><strong>fiant</strong></span> <span class='ocrx_word' id='word_1_75' title='bbox 616 940 701 992; x_wconf 69' lang='lat' dir='ltr'><strong>votas</strong></span> <span class='ocrx_word' id='word_1_76' title='bbox 724 934 794 993; x_wconf 92' lang='lat' dir='ltr'><strong>ideo</strong></span> <span class='ocrx_word' id='word_1_77' title='bbox 810 934 892 992; x_wconf 91' lang='lat' dir='ltr'><strong>fient.</strong></span> <span class='ocrx_word' id='word_1_78' title='bbox 927 933 1067 994; x_wconf 68' lang='lat' dir='ltr'><strong>Fatumu</strong></span> 
     </span>
     <span class='ocr_line' id='line_1_10' title="bbox 55 1015 1035 1091; baseline 0 -16"><span class='ocrx_word' id='word_1_79' title='bbox 55 1023 117 1087; x_wconf 86' lang='lat' dir='ltr'><strong>est,</strong></span> <span class='ocrx_word' id='word_1_80' title='bbox 140 1022 173 1074; x_wconf 90' lang='lat' dir='ltr'><strong>ut</strong></span> <span class='ocrx_word' id='word_1_81' title='bbox 193 1015 251 1073; x_wconf 90' lang='lat' dir='ltr'><strong>iste</strong></span> <span class='ocrx_word' id='word_1_82' title='bbox 269 1015 385 1088; x_wconf 93' lang='lat' dir='ltr'><strong>peritus</strong></span> <span class='ocrx_word' id='word_1_83' title='bbox 401 1015 453 1086; x_wconf 88' lang='lat' dir='ltr'><strong>sit,</strong></span> <span class='ocrx_word' id='word_1_84' title='bbox 477 1015 532 1073; x_wconf 90' lang='lat' dir='ltr'><strong>sed</strong></span> <span class='ocrx_word' id='word_1_85' title='bbox 548 1017 573 1072; x_wconf 93' lang='lat' dir='ltr'><strong>si</strong></span> <span class='ocrx_word' id='word_1_86' title='bbox 589 1017 691 1074; x_wconf 78' lang='lat' dir='ltr'><strong>literas</strong></span> <span class='ocrx_word' id='word_1_87' title='bbox 707 1016 854 1076; x_wconf 81' lang='lat' dir='ltr'><strong>didicerit.</strong></span> <span class='ocrx_word' id='word_1_88' title='bbox 883 1018 966 1091; x_wconf 82' lang='lat' dir='ltr'><strong>atqui</strong></span> <span class='ocrx_word' id='word_1_89' title='bbox 984 1034 1035 1076; x_wconf 91' lang='lat' dir='ltr'><strong>eo-</strong></span> 
     </span>
     <span class='ocr_line' id='line_1_11' title="bbox 56 1098 1035 1168; baseline -0.001 -10"><span class='ocrx_word' id='word_1_90' title='bbox 56 1100 128 1158; x_wconf 86' lang='lat' dir='ltr'><strong>dem</strong></span> <span class='ocrx_word' id='word_1_91' title='bbox 144 1100 205 1158; x_wconf 80' lang='grc'>3333</span> <span class='ocrx_word' id='word_1_92' title='bbox 222 1098 400 1168; x_wconf 86' lang='grc'>3333333333,</span> <span class='ocrx_word' id='word_1_93' title='bbox 422 1106 454 1157; x_wconf 91' lang='lat' dir='ltr'><strong>ut</strong></span> <span class='ocrx_word' id='word_1_94' title='bbox 468 1098 571 1157; x_wconf 83' lang='lat' dir='ltr'><strong>literas</strong></span> <span class='ocrx_word' id='word_1_95' title='bbox 587 1098 700 1157; x_wconf 88' lang='lat' dir='ltr'><strong>discat:</strong></span> <span class='ocrx_word' id='word_1_96' title='bbox 721 1099 792 1157; x_wconf 91' lang='lat' dir='ltr'><strong>ideo</strong></span> <span class='ocrx_word' id='word_1_97' title='bbox 805 1101 966 1160; x_wconf 89' lang='lat' dir='ltr'><strong>docendus</strong></span> <span class='ocrx_word' id='word_1_98' title='bbox 979 1108 1035 1160; x_wconf 90' lang='lat' dir='ltr'><strong>est.</strong></span> 
     </span>
     <span class='ocr_line' id='line_1_12' title="bbox 52 1181 1034 1256; baseline 0 -14"><span class='ocrx_word' id='word_1_99' title='bbox 52 1183 111 1242; x_wconf 87' lang='lat' dir='ltr'><strong>Hic</strong></span> <span class='ocrx_word' id='word_1_100' title='bbox 134 1182 221 1241; x_wconf 88' lang='lat' dir='ltr'><strong>dives</strong></span> <span class='ocrx_word' id='word_1_101' title='bbox 246 1183 317 1254; x_wconf 91' lang='lat' dir='ltr'><strong>erit,</strong></span> <span class='ocrx_word' id='word_1_102' title='bbox 337 1183 393 1241; x_wconf 92' lang='lat' dir='ltr'><strong>sed</strong></span> <span class='ocrx_word' id='word_1_103' title='bbox 413 1182 439 1240; x_wconf 92' lang='lat' dir='ltr'><strong>si</strong></span> <span class='ocrx_word' id='word_1_104' title='bbox 462 1182 658 1256; x_wconf 82' lang='lat' dir='ltr'><strong>navigaverit.</strong></span> <span class='ocrx_word' id='word_1_105' title='bbox 688 1187 717 1240; x_wconf 89' lang='lat' dir='ltr'><strong>at</strong></span> <span class='ocrx_word' id='word_1_106' title='bbox 738 1182 767 1239; x_wconf 94' lang='lat' dir='ltr'><strong>in</strong></span> <span class='ocrx_word' id='word_1_107' title='bbox 784 1181 834 1240; x_wconf 94' lang='lat' dir='ltr'><strong>illo</strong></span> <span class='ocrx_word' id='word_1_108' title='bbox 851 1184 902 1241; x_wconf 82' lang='lat' dir='ltr'><strong>fati</strong></span> <span class='ocrx_word' id='word_1_109' title='bbox 918 1185 1034 1256; x_wconf 89' lang='lat' dir='ltr'><strong>ordine,</strong></span> 
     </span>
     <span class='ocr_line' id='line_1_13' title="bbox 56 1264 1035 1341; baseline -0.001 -15"><span class='ocrx_word' id='word_1_110' title='bbox 56 1282 118 1341; x_wconf 90' lang='lat' dir='ltr'><strong>quo</strong></span> <span class='ocrx_word' id='word_1_111' title='bbox 135 1265 349 1341; x_wconf 79' lang='lat' dir='ltr'><strong>patrimonium</strong></span> <span class='ocrx_word' id='word_1_112' title='bbox 364 1265 405 1324; x_wconf 92' lang='lat' dir='ltr'><strong>illi</strong></span> <span class='ocrx_word' id='word_1_113' title='bbox 421 1266 537 1338; x_wconf 88' lang='lat' dir='ltr'><strong>grande</strong></span> <span class='ocrx_word' id='word_1_114' title='bbox 549 1264 739 1340; x_wconf 86' lang='lat' dir='ltr'><strong>promittitur,</strong></span> <span class='ocrx_word' id='word_1_115' title='bbox 755 1265 814 1323; x_wconf 87' lang='lat' dir='ltr'><strong>hoc</strong></span> <span class='ocrx_word' id='word_1_116' title='bbox 827 1281 952 1340; x_wconf 88' lang='lat' dir='ltr'><strong>quoque</strong></span> <span class='ocrx_word' id='word_1_117' title='bbox 964 1283 1035 1339; x_wconf 93' lang='lat' dir='ltr'><strong>pro-</strong></span> 
     </span>
     <span class='ocr_line' id='line_1_14' title="bbox 54 1348 1035 1423; baseline -0.003 -14"><span class='ocrx_word' id='word_1_118' title='bbox 54 1351 138 1410; x_wconf 85' lang='lat' dir='ltr'><strong>tinus</strong></span> <span class='ocrx_word' id='word_1_119' title='bbox 160 1350 296 1408; x_wconf 88' lang='lat' dir='ltr'><strong>adlatum</strong></span> <span class='ocrx_word' id='word_1_120' title='bbox 315 1357 377 1421; x_wconf 91' lang='lat' dir='ltr'><strong>est,</strong></span> <span class='ocrx_word' id='word_1_121' title='bbox 398 1356 430 1406; x_wconf 91' lang='lat' dir='ltr'><strong>ut</strong></span> <span class='ocrx_word' id='word_1_122' title='bbox 451 1357 480 1409; x_wconf 91' lang='lat' dir='ltr'><strong>et</strong></span> <span class='ocrx_word' id='word_1_123' title='bbox 500 1351 636 1423; x_wconf 84' lang='lat' dir='ltr'><strong>naviget:</strong></span> <span class='ocrx_word' id='word_1_124' title='bbox 660 1348 729 1408; x_wconf 94' lang='lat' dir='ltr'><strong>ideo</strong></span> <span class='ocrx_word' id='word_1_125' title='bbox 751 1348 915 1421; x_wconf 83' lang='lat' dir='ltr'><strong>navigabit.</strong></span> <span class='ocrx_word' id='word_1_126' title='bbox 950 1350 1035 1408; x_wconf 88' lang='lat' dir='ltr'><strong>Idem</strong></span> 
     </span>
     <span class='ocr_line' id='line_1_15' title="bbox 54 1431 1034 1508; baseline -0.002 -16"><span class='ocrx_word' id='word_1_127' title='bbox 54 1434 109 1493; x_wconf 91' lang='lat' dir='ltr'><strong>tibi</strong></span> <span class='ocrx_word' id='word_1_128' title='bbox 131 1434 171 1492; x_wconf 86' lang='lat' dir='ltr'><strong>de</strong></span> <span class='ocrx_word' id='word_1_129' title='bbox 190 1431 417 1506; x_wconf 87' lang='lat' dir='ltr'><strong>expiationibus</strong></span> <span class='ocrx_word' id='word_1_130' title='bbox 439 1433 518 1492; x_wconf 90' lang='lat' dir='ltr'><strong>dico.</strong></span> <span class='ocrx_word' id='word_1_131' title='bbox 555 1433 687 1508; x_wconf 83' lang='lat' dir='ltr'><strong>Effugiet</strong></span> <span class='ocrx_word' id='word_1_132' title='bbox 710 1432 860 1507; x_wconf 88' lang='lat' dir='ltr'><strong>pericula,</strong></span> <span class='ocrx_word' id='word_1_133' title='bbox 883 1433 908 1490; x_wconf 92' lang='lat' dir='ltr'><strong>si</strong></span> <span class='ocrx_word' id='word_1_134' title='bbox 930 1433 1034 1506; x_wconf 89' lang='lat' dir='ltr'><strong>expla-</strong></span> 
     </span>
    </p>

    <p class='ocr_par' dir='ltr' id='par_1_3' title="bbox 33 1515 1103 2011">
     <span class='ocr_line' id='line_1_16' title="bbox 33 1515 1034 1590; baseline -0.002 -15"><span class='ocrx_word' id='word_1_135' title='bbox 33 1562 36 1567; x_wconf 88' lang='lat'><em>.</em></span> <span class='ocrx_word' id='word_1_136' title='bbox 54 1517 133 1576; x_wconf 81' lang='lat' dir='ltr'><strong>verit</strong></span> <span class='ocrx_word' id='word_1_137' title='bbox 153 1517 328 1590; x_wconf 89' lang='lat' dir='ltr'><strong>praedictas</strong></span> <span class='ocrx_word' id='word_1_138' title='bbox 351 1515 494 1575; x_wconf 88' lang='lat' dir='ltr'><strong>dlvinitus</strong></span> <span class='ocrx_word' id='word_1_139' title='bbox 514 1517 622 1577; x_wconf 90' lang='lat' dir='ltr'><strong>minas.</strong></span> <span class='ocrx_word' id='word_1_140' title='bbox 652 1524 682 1576; x_wconf 89' lang='lat' dir='ltr'><strong>at</strong></span> <span class='ocrx_word' id='word_1_141' title='bbox 702 1516 761 1576; x_wconf 89' lang='lat' dir='ltr'><strong>hoc</strong></span> <span class='ocrx_word' id='word_1_142' title='bbox 784 1532 910 1590; x_wconf 87' lang='lat' dir='ltr'><strong>quoque</strong></span> <span class='ocrx_word' id='word_1_143' title='bbox 928 1516 1034 1575; x_wconf 83' lang='lat' dir='ltr'><strong>Insa</strong></span> 
     </span>
     <span class='ocr_line' id='line_1_17' title="bbox 55 1600 1099 1675; baseline 0.002 -17"><span class='ocrx_word' id='word_1_144' title='bbox 55 1609 117 1673; x_wconf 90' lang='lat' dir='ltr'><strong>est,</strong></span> <span class='ocrx_word' id='word_1_145' title='bbox 139 1608 173 1658; x_wconf 90' lang='lat' dir='ltr'><strong>ut</strong></span> <span class='ocrx_word' id='word_1_146' title='bbox 192 1600 308 1672; x_wconf 87' lang='lat' dir='ltr'><strong>expiet.</strong></span> <span class='ocrx_word' id='word_1_147' title='bbox 329 1601 398 1659; x_wconf 87' lang='lat' dir='ltr'><strong>ideo</strong></span> <span class='ocrx_word' id='word_1_148' title='bbox 422 1600 564 1673; x_wconf 88' lang='lat' dir='ltr'><strong>expiabit.</strong></span> <span class='ocrx_word' id='word_1_149' title='bbox 607 1600 669 1660; x_wconf 88' lang='lat' dir='ltr'><strong>Ista</strong></span> <span class='ocrx_word' id='word_1_150' title='bbox 690 1600 1099 1703; x_wconf 82' lang='lat' dir='ltr'><strong>nobisopponlsotent,a·</strong></span> 
     </span>
     <span class='ocr_line' id='line_1_18' title="bbox 56 1666 1097 1757; baseline 0 -14"><span class='ocrx_word' id='word_1_151' title='bbox 56 1691 88 1743; x_wconf 92' lang='lat' dir='ltr'><strong>ut</strong></span> <span class='ocrx_word' id='word_1_152' title='bbox 102 1682 249 1757; x_wconf 90' lang='lat' dir='ltr'><strong>probetur</strong></span> <span class='ocrx_word' id='word_1_153' title='bbox 264 1685 305 1742; x_wconf 91' lang='lat' dir='ltr'><strong>nil</strong></span> <span class='ocrx_word' id='word_1_154' title='bbox 320 1685 465 1742; x_wconf 89' lang='lat' dir='ltr'><strong>voluntati</strong></span> <span class='ocrx_word' id='word_1_155' title='bbox 481 1690 605 1742; x_wconf 86' lang='lat' dir='ltr'><strong>nostrae</strong></span> <span class='ocrx_word' id='word_1_156' title='bbox 620 1685 756 1743; x_wconf 89' lang='lat' dir='ltr'><strong>relictum</strong></span> <span class='ocrx_word' id='word_1_157' title='bbox 769 1691 799 1742; x_wconf 93' lang='lat' dir='ltr'><strong>et</strong></span> <span class='ocrx_word' id='word_1_158' title='bbox 809 1700 899 1744; x_wconf 91' lang='lat' dir='ltr'><strong>omne</strong></span> <span class='ocrx_word' id='word_1_159' title='bbox 910 1685 957 1744; x_wconf 89' lang='lat' dir='ltr'><strong>lus</strong></span> <span class='ocrx_word' id='word_1_160' title='bbox 968 1685 1036 1756; x_wconf 84' lang='lat' dir='ltr'><strong>sato</strong></span> <span class='ocrx_word' id='word_1_161' title='bbox 1092 1666 1097 1731; x_wconf 72' lang='lat'><strong>1¹</strong></span> 
     </span>
     <span class='ocr_line' id='line_1_19' title="bbox 55 1742 1093 1843; baseline 0 -18"><span class='ocrx_word' id='word_1_162' title='bbox 55 1765 208 1826; x_wconf 89' lang='lat' dir='ltr'><strong>traditum.</strong></span> <span class='ocrx_word' id='word_1_163' title='bbox 246 1767 318 1826; x_wconf 86' lang='lat' dir='ltr'><strong>Cum</strong></span> <span class='ocrx_word' id='word_1_164' title='bbox 335 1766 625 1860; x_wconf 66' lang='grc'>(13333333333333,</span> <span class='ocrx_word' id='word_1_165' title='bbox 648 1768 761 1838; x_wconf 90' lang='lat' dir='ltr'><strong>dicam,</strong></span> <span class='ocrx_word' id='word_1_166' title='bbox 777 1769 1033 1841; x_wconf 90' lang='lat' dir='ltr'><strong>quemadmodum</strong></span> <span class='ocrx_word' id='word_1_167' title='bbox 1086 1742 1093 1843; x_wconf 69' lang='grc' dir='ltr'><strong>ξ’</strong></span> 
     </span>
     <span class='ocr_line' id='line_1_20' title="bbox 55 1849 1092 1925; baseline 0 -16"><span class='ocrx_word' id='word_1_168' title='bbox 55 1856 198 1909; x_wconf 89' lang='lat' dir='ltr'><strong>manente</strong></span> <span class='ocrx_word' id='word_1_169' title='bbox 212 1850 274 1910; x_wconf 89' lang='lat' dir='ltr'><strong>lato</strong></span> <span class='ocrx_word' id='word_1_170' title='bbox 287 1849 401 1924; x_wconf 89' lang='lat' dir='ltr'><strong>aliquid</strong></span> <span class='ocrx_word' id='word_1_171' title='bbox 416 1850 495 1910; x_wconf 88' lang='lat' dir='ltr'><strong>sitin</strong></span> <span class='ocrx_word' id='word_1_172' title='bbox 510 1850 642 1908; x_wconf 91' lang='lat' dir='ltr'><strong>hominis</strong></span> <span class='ocrx_word' id='word_1_173' title='bbox 655 1850 793 1908; x_wconf 86' lang='lat' dir='ltr'><strong>arbitrio:</strong></span> <span class='ocrx_word' id='word_1_174' title='bbox 816 1868 897 1909; x_wconf 89' lang='lat' dir='ltr'><strong>nunc</strong></span> <span class='ocrx_word' id='word_1_175' title='bbox 911 1867 983 1909; x_wconf 94' lang='lat' dir='ltr'><strong>vero</strong></span> <span class='ocrx_word' id='word_1_176' title='bbox 996 1851 1035 1909; x_wconf 90' lang='lat' dir='ltr'><strong>de</strong></span> <span class='ocrx_word' id='word_1_177' title='bbox 1086 1866 1092 1925; x_wconf 75' lang='lat'><strong>&#39;1</strong></span> 
     </span>
     <span class='ocr_line' id='line_1_21' title="bbox 57 1933 1034 2011; baseline 0.004 -18"><span class='ocrx_word' id='word_1_178' title='bbox 57 1951 119 2008; x_wconf 91' lang='lat' dir='ltr'><strong>quo</strong></span> <span class='ocrx_word' id='word_1_179' title='bbox 142 1933 255 2007; x_wconf 88' lang='lat' dir='ltr'><strong>agitur,</strong></span> <span class='ocrx_word' id='word_1_180' title='bbox 279 1935 429 2011; x_wconf 84' lang='lat' dir='ltr'><strong>explicui,</strong></span> <span class='ocrx_word' id='word_1_181' title='bbox 450 1933 621 2008; x_wconf 86' lang='lat' dir='ltr'><strong>quomodo,</strong></span> <span class='ocrx_word' id='word_1_182' title='bbox 644 1933 670 1990; x_wconf 93' lang='lat' dir='ltr'><strong>si</strong></span> <span class='ocrx_word' id='word_1_183' title='bbox 692 1933 743 1990; x_wconf 88' lang='lat' dir='ltr'><strong>lati</strong></span> <span class='ocrx_word' id='word_1_184' title='bbox 766 1941 867 1992; x_wconf 83' lang='lat' dir='ltr'><strong>certus</strong></span> <span class='ocrx_word' id='word_1_185' title='bbox 883 1942 931 1992; x_wconf 88' lang='lat' dir='ltr'><strong>est</strong></span> <span class='ocrx_word' id='word_1_186' title='bbox 948 1934 1034 2005; x_wconf 91' lang='lat' dir='ltr'><strong>ordo,</strong></span> 
     </span>
    </p>
   </div>
   <div class='ocr_carea' id='block_1_3' title="bbox 54 2014 1110 2258">
    <p class='ocr_par' dir='ltr' id='par_1_4' title="bbox 54 2014 1110 2258">
     <span class='ocr_line' id='line_1_22' title="bbox 56 2014 1104 2092; baseline 0.003 -16"><span class='ocrx_word' id='word_1_187' title='bbox 56 2014 249 2092; x_wconf 76' lang='lat' dir='ltr'><strong>expiationes</strong></span> <span class='ocrx_word' id='word_1_188' title='bbox 263 2018 558 2092; x_wconf 85' lang='lat' dir='ltr'><strong>procurationesque</strong></span> <span class='ocrx_word' id='word_1_189' title='bbox 574 2015 782 2090; x_wconf 82' lang='lat' dir='ltr'><strong>prodigiorum</strong></span> <span class='ocrx_word' id='word_1_190' title='bbox 797 2016 934 2088; x_wconf 88' lang='lat' dir='ltr'><strong>pericula</strong></span> <span class='ocrx_word' id='word_1_191' title='bbox 949 2031 1035 2074; x_wconf 90' lang='lat' dir='ltr'><strong>aver·</strong></span> <span class='ocrx_word' id='word_1_192' title='bbox 1098 2028 1104 2079; x_wconf 76' lang='lat' dir='ltr'><strong>l</strong></span> 
     </span>
     <span class='ocr_line' id='line_1_23' title="bbox 54 2096 1110 2174; baseline -0.003 -14"><span class='ocrx_word' id='word_1_193' title='bbox 54 2106 134 2173; x_wconf 89' lang='lat' dir='ltr'><strong>tant,</strong></span> <span class='ocrx_word' id='word_1_194' title='bbox 158 2100 230 2174; x_wconf 88' lang='lat' dir='ltr'><strong>qula</strong></span> <span class='ocrx_word' id='word_1_195' title='bbox 247 2118 307 2161; x_wconf 94' lang='lat' dir='ltr'><strong>non</strong></span> <span class='ocrx_word' id='word_1_196' title='bbox 324 2116 393 2160; x_wconf 90' lang='lat' dir='ltr'><strong>eum</strong></span> <span class='ocrx_word' id='word_1_197' title='bbox 408 2102 468 2160; x_wconf 89' lang='lat' dir='ltr'><strong>lato</strong></span> <span class='ocrx_word' id='word_1_198' title='bbox 486 2109 636 2174; x_wconf 80' lang='lat' dir='ltr'><strong>pugnant,</strong></span> <span class='ocrx_word' id='word_1_199' title='bbox 652 2099 708 2160; x_wconf 91' lang='lat' dir='ltr'><strong>sed</strong></span> <span class='ocrx_word' id='word_1_200' title='bbox 724 2099 793 2173; x_wconf 89' lang='lat' dir='ltr'><strong>ipsa</strong></span> <span class='ocrx_word' id='word_1_201' title='bbox 807 2098 859 2158; x_wconf 89' lang='lat' dir='ltr'><strong>lati</strong></span> <span class='ocrx_word' id='word_1_202' title='bbox 871 2100 939 2173; x_wconf 91' lang='lat' dir='ltr'><strong>lege</strong></span> <span class='ocrx_word' id='word_1_203' title='bbox 951 2100 1035 2158; x_wconf 87' lang='lat' dir='ltr'><strong>liunt.</strong></span> <span class='ocrx_word' id='word_1_204' title='bbox 1104 2096 1110 2147; x_wconf 79' lang='grc' dir='ltr'><strong>ἒ·</strong></span> 
     </span>
     <span class='ocr_line' id='line_1_24' title="bbox 55 2183 1063 2258; baseline -0.002 -14"><span class='ocrx_word' id='word_1_205' title='bbox 55 2183 156 2258; x_wconf 79' lang='lat' dir='ltr'><strong>„Quid</strong></span> <span class='ocrx_word' id='word_1_206' title='bbox 172 2199 260 2258; x_wconf 88' lang='lat' dir='ltr'><strong>ergo,</strong></span> <span class='ocrx_word' id='word_1_207' title='bbox 283 2185 401 2258; x_wconf 87' lang='lat' dir='ltr'><strong>inquIs,</strong></span> <span class='ocrx_word' id='word_1_208' title='bbox 426 2200 561 2258; x_wconf 85' lang='lat' dir='ltr'><strong>aruspex</strong></span> <span class='ocrx_word' id='word_1_209' title='bbox 577 2185 648 2244; x_wconf 94' lang='lat' dir='ltr'><strong>mihi</strong></span> <span class='ocrx_word' id='word_1_210' title='bbox 664 2184 817 2258; x_wconf 67' lang='lat' dir='ltr'><strong>prodest?</strong></span> <span class='ocrx_word' id='word_1_211' title='bbox 835 2183 940 2258; x_wconf 89' lang='lat' dir='ltr'><strong>utique</strong></span> <span class='ocrx_word' id='word_1_212' title='bbox 956 2184 1063 2250; x_wconf 86' lang='lat' dir='ltr'><strong>enim4</strong></span> 
     </span>
    </p>
   </div>
   <div class='ocr_carea' id='block_1_4' title="bbox 54 2267 1063 3511">
    <p class='ocr_par' dir='ltr' id='par_1_5' title="bbox 55 2267 1035 2593">
     <span class='ocr_line' id='line_1_25' title="bbox 56 2267 1035 2342; baseline 0 -16"><span class='ocrx_word' id='word_1_213' title='bbox 56 2268 184 2342; x_wconf 88' lang='lat' dir='ltr'><strong>expiare</strong></span> <span class='ocrx_word' id='word_1_214' title='bbox 204 2268 275 2326; x_wconf 90' lang='lat' dir='ltr'><strong>mihi</strong></span> <span class='ocrx_word' id='word_1_215' title='bbox 296 2267 386 2327; x_wconf 88' lang='lat' dir='ltr'><strong>etiam</strong></span> <span class='ocrx_word' id='word_1_216' title='bbox 403 2283 464 2326; x_wconf 92' lang='lat' dir='ltr'><strong>non</strong></span> <span class='ocrx_word' id='word_1_217' title='bbox 480 2269 628 2328; x_wconf 89' lang='lat' dir='ltr'><strong>suadente</strong></span> <span class='ocrx_word' id='word_1_218' title='bbox 643 2269 693 2327; x_wconf 93' lang='lat' dir='ltr'><strong>illo</strong></span> <span class='ocrx_word' id='word_1_219' title='bbox 710 2283 840 2327; x_wconf 86' lang='lat' dir='ltr'><strong>necesse</strong></span> <span class='ocrx_word' id='word_1_220' title='bbox 855 2272 933 2327; x_wconf 85' lang='lat' dir='ltr'><strong>est.“</strong></span> <span class='ocrx_word' id='word_1_221' title='bbox 968 2269 1035 2328; x_wconf 84' lang='lat' dir='ltr'><strong>Hoc</strong></span> 
     </span>
     <span class='ocr_line' id='line_1_26' title="bbox 56 2349 1034 2425; baseline 0.001 -16"><span class='ocrx_word' id='word_1_222' title='bbox 56 2351 199 2425; x_wconf 85' lang='lat' dir='ltr'><strong>prodest,</strong></span> <span class='ocrx_word' id='word_1_223' title='bbox 221 2349 294 2425; x_wconf 84' lang='lat' dir='ltr'><strong>quia</strong></span> <span class='ocrx_word' id='word_1_224' title='bbox 309 2351 359 2409; x_wconf 88' lang='lat' dir='ltr'><strong>lati</strong></span> <span class='ocrx_word' id='word_1_225' title='bbox 375 2351 511 2411; x_wconf 87' lang='lat' dir='ltr'><strong>mInister</strong></span> <span class='ocrx_word' id='word_1_226' title='bbox 525 2359 581 2411; x_wconf 90' lang='lat' dir='ltr'><strong>est.</strong></span> <span class='ocrx_word' id='word_1_227' title='bbox 618 2351 669 2411; x_wconf 88' lang='lat' dir='ltr'><strong>Sic</strong></span> <span class='ocrx_word' id='word_1_228' title='bbox 691 2369 759 2410; x_wconf 90' lang='lat' dir='ltr'><strong>cum</strong></span> <span class='ocrx_word' id='word_1_229' title='bbox 783 2351 899 2411; x_wconf 89' lang='lat' dir='ltr'><strong>sanitas</strong></span> <span class='ocrx_word' id='word_1_230' title='bbox 923 2353 1034 2411; x_wconf 91' lang='lat' dir='ltr'><strong>debea-</strong></span> 
     </span>
     <span class='ocr_line' id='line_1_27' title="bbox 55 2433 1033 2509; baseline -0.003 -14"><span class='ocrx_word' id='word_1_231' title='bbox 55 2442 104 2495; x_wconf 90' lang='lat' dir='ltr'><strong>tur</strong></span> <span class='ocrx_word' id='word_1_232' title='bbox 125 2435 202 2506; x_wconf 87' lang='lat' dir='ltr'><strong>Iato,</strong></span> <span class='ocrx_word' id='word_1_233' title='bbox 224 2433 353 2494; x_wconf 88' lang='lat' dir='ltr'><strong>debetur</strong></span> <span class='ocrx_word' id='word_1_234' title='bbox 368 2442 397 2494; x_wconf 92' lang='lat' dir='ltr'><strong>et</strong></span> <span class='ocrx_word' id='word_1_235' title='bbox 417 2436 551 2508; x_wconf 91' lang='lat' dir='ltr'><strong>medico,</strong></span> <span class='ocrx_word' id='word_1_236' title='bbox 570 2437 642 2509; x_wconf 88' lang='lat' dir='ltr'><strong>quia</strong></span> <span class='ocrx_word' id='word_1_237' title='bbox 656 2436 696 2494; x_wconf 92' lang='lat' dir='ltr'><strong>ad</strong></span> <span class='ocrx_word' id='word_1_238' title='bbox 711 2452 768 2494; x_wconf 90' lang='lat' dir='ltr'><strong>nos</strong></span> <span class='ocrx_word' id='word_1_239' title='bbox 783 2434 965 2494; x_wconf 87' lang='lat' dir='ltr'><strong>beneficium</strong></span> <span class='ocrx_word' id='word_1_240' title='bbox 983 2435 1033 2492; x_wconf 83' lang='lat' dir='ltr'><strong>lat-i</strong></span> 
     </span>
     <span class='ocr_line' id='line_1_28' title="bbox 55 2517 450 2593; baseline -0.008 -16"><span class='ocrx_word' id='word_1_241' title='bbox 55 2533 112 2593; x_wconf 92' lang='lat' dir='ltr'><strong>per</strong></span> <span class='ocrx_word' id='word_1_242' title='bbox 126 2517 218 2577; x_wconf 92' lang='lat' dir='ltr'><strong>huius</strong></span> <span class='ocrx_word' id='word_1_243' title='bbox 234 2534 342 2577; x_wconf 91' lang='lat' dir='ltr'><strong>manus</strong></span> <span class='ocrx_word' id='word_1_244' title='bbox 360 2518 450 2576; x_wconf 87' lang='lat' dir='ltr'><strong>venit.</strong></span> 
     </span>
    </p>

    <p class='ocr_par' dir='ltr' id='par_1_6' title="bbox 54 2599 1063 3511">
     <span class='ocr_line' id='line_1_29' title="bbox 118 2599 1060 2674; baseline -0.004 -14"><span class='ocrx_word' id='word_1_245' title='bbox 118 2600 251 2660; x_wconf 91' lang='lat' dir='ltr'><strong>XXXIX.</strong></span> <span class='ocrx_word' id='word_1_246' title='bbox 281 2601 427 2660; x_wconf 89' lang='lat' dir='ltr'><strong>Genera</strong></span> <span class='ocrx_word' id='word_1_247' title='bbox 455 2603 648 2674; x_wconf 85' lang='lat' dir='ltr'><strong>fulgurum</strong></span> <span class='ocrx_word' id='word_1_248' title='bbox 675 2601 748 2660; x_wconf 90' lang='lat' dir='ltr'><strong>tria</strong></span> <span class='ocrx_word' id='word_1_249' title='bbox 767 2616 838 2659; x_wconf 90' lang='lat' dir='ltr'><strong>esse</strong></span> <span class='ocrx_word' id='word_1_250' title='bbox 854 2602 895 2658; x_wconf 92' lang='lat' dir='ltr'><strong>ait</strong></span> <span class='ocrx_word' id='word_1_251' title='bbox 910 2599 1060 2664; x_wconf 77' lang='lat' dir='ltr'><strong>caceio-1</strong></span> 
     </span>
     <span class='ocr_line' id='line_1_30' title="bbox 55 2683 1033 2758; baseline -0.004 -14"><span class='ocrx_word' id='word_1_252' title='bbox 55 2701 110 2758; x_wconf 90' lang='lat' dir='ltr'><strong>na,</strong></span> <span class='ocrx_word' id='word_1_253' title='bbox 133 2683 420 2756; x_wconf 87' lang='lat' dir='ltr'><strong>consiliarium,</strong></span> <span class='ocrx_word' id='word_1_254' title='bbox 448 2686 700 2744; x_wconf 87' lang='lat' dir='ltr'><strong>auctoritatis</strong></span> <span class='ocrx_word' id='word_1_255' title='bbox 729 2691 765 2742; x_wconf 91' lang='lat' dir='ltr'><strong>et</strong></span> <span class='ocrx_word' id='word_1_256' title='bbox 785 2683 885 2758; x_wconf 89' lang='lat' dir='ltr'><strong>quod</strong></span> <span class='ocrx_word' id='word_1_257' title='bbox 907 2689 1033 2742; x_wconf 88' lang='lat' dir='ltr'><strong>status</strong></span> 
     </span>
     <span class='ocr_line' id='line_1_31' title="bbox 56 2766 1034 2841; baseline 0 -15"><span class='ocrx_word' id='word_1_258' title='bbox 56 2767 210 2826; x_wconf 87' lang='lat' dir='ltr'><strong>dIcitur.</strong></span> <span class='ocrx_word' id='word_1_259' title='bbox 248 2767 459 2827; x_wconf 79' lang='lat' dir='ltr'><strong>consiliarium</strong></span> <span class='ocrx_word' id='word_1_260' title='bbox 482 2776 551 2828; x_wconf 90' lang='lat' dir='ltr'><strong>ante</strong></span> <span class='ocrx_word' id='word_1_261' title='bbox 570 2784 633 2827; x_wconf 92' lang='lat' dir='ltr'><strong>rem</strong></span> <span class='ocrx_word' id='word_1_262' title='bbox 648 2769 696 2839; x_wconf 90' lang='lat' dir='ltr'><strong>fit,</strong></span> <span class='ocrx_word' id='word_1_263' title='bbox 720 2767 776 2825; x_wconf 88' lang='lat' dir='ltr'><strong>sed</strong></span> <span class='ocrx_word' id='word_1_264' title='bbox 793 2774 862 2841; x_wconf 88' lang='lat' dir='ltr'><strong>post</strong></span> <span class='ocrx_word' id='word_1_265' title='bbox 878 2766 1034 2840; x_wconf 85' lang='lat' dir='ltr'><strong>cogitatio·</strong></span> 
     </span>
     <span class='ocr_line' id='line_1_32' title="bbox 57 2850 1033 2925; baseline 0 -15"><span class='ocrx_word' id='word_1_266' title='bbox 57 2867 143 2923; x_wconf 90' lang='lat' dir='ltr'><strong>nem,</strong></span> <span class='ocrx_word' id='word_1_267' title='bbox 163 2866 230 2909; x_wconf 93' lang='lat' dir='ltr'><strong>cum</strong></span> <span class='ocrx_word' id='word_1_268' title='bbox 247 2851 361 2925; x_wconf 85' lang='lat' dir='ltr'><strong>aliquid</strong></span> <span class='ocrx_word' id='word_1_269' title='bbox 378 2851 524 2910; x_wconf 93' lang='lat' dir='ltr'><strong>inanimo</strong></span> <span class='ocrx_word' id='word_1_270' title='bbox 540 2850 734 2910; x_wconf 89' lang='lat' dir='ltr'><strong>versantibus</strong></span> <span class='ocrx_word' id='word_1_271' title='bbox 750 2857 802 2909; x_wconf 89' lang='lat' dir='ltr'><strong>aut</strong></span> <span class='ocrx_word' id='word_1_272' title='bbox 816 2852 962 2912; x_wconf 88' lang='lat' dir='ltr'><strong>suadetur</strong></span> <span class='ocrx_word' id='word_1_273' title='bbox 978 2852 1033 2910; x_wconf 65' lang='lat' dir='ltr'><strong>Iul»</strong></span> 
     </span>
     <span class='ocr_line' id='line_1_33' title="bbox 54 2934 1034 3009; baseline 0 -16"><span class='ocrx_word' id='word_1_274' title='bbox 54 2935 146 2994; x_wconf 92' lang='lat' dir='ltr'><strong>minis</strong></span> <span class='ocrx_word' id='word_1_275' title='bbox 162 2935 223 2994; x_wconf 91' lang='lat' dir='ltr'><strong>ictu</strong></span> <span class='ocrx_word' id='word_1_276' title='bbox 237 2940 289 2994; x_wconf 90' lang='lat' dir='ltr'><strong>aut</strong></span> <span class='ocrx_word' id='word_1_277' title='bbox 304 2934 508 2994; x_wconf 85' lang='lat' dir='ltr'><strong>dissuadetur.</strong></span> <span class='ocrx_word' id='word_1_278' title='bbox 533 2934 717 2994; x_wconf 87' lang='lat' dir='ltr'><strong>auctoritatis</strong></span> <span class='ocrx_word' id='word_1_279' title='bbox 733 2940 795 3007; x_wconf 86' lang='lat' dir='ltr'><strong>est,</strong></span> <span class='ocrx_word' id='word_1_280' title='bbox 817 2936 868 2994; x_wconf 91' lang='lat' dir='ltr'><strong>ubi</strong></span> <span class='ocrx_word' id='word_1_281' title='bbox 885 2941 957 3009; x_wconf 89' lang='lat' dir='ltr'><strong>post</strong></span> <span class='ocrx_word' id='word_1_282' title='bbox 970 2951 1034 2994; x_wconf 88' lang='lat' dir='ltr'><strong>rem</strong></span> 
     </span>
     <span class='ocr_line' id='line_1_34' title="bbox 55 3018 1062 3092; baseline 0 -15"><span class='ocrx_word' id='word_1_283' title='bbox 55 3019 166 3078; x_wconf 83' lang='lat' dir='ltr'><strong>laetam</strong></span> <span class='ocrx_word' id='word_1_284' title='bbox 182 3019 279 3091; x_wconf 89' lang='lat' dir='ltr'><strong>venit,</strong></span> <span class='ocrx_word' id='word_1_285' title='bbox 302 3033 392 3091; x_wconf 88' lang='lat' dir='ltr'><strong>quam</strong></span> <span class='ocrx_word' id='word_1_286' title='bbox 407 3018 489 3077; x_wconf 92' lang='lat' dir='ltr'><strong>bono</strong></span> <span class='ocrx_word' id='word_1_287' title='bbox 505 3018 635 3076; x_wconf 80' lang='lat' dir='ltr'><strong>futuram</strong></span> <span class='ocrx_word' id='word_1_288' title='bbox 652 3018 770 3077; x_wconf 90' lang='lat' dir='ltr'><strong>malove</strong></span> <span class='ocrx_word' id='word_1_289' title='bbox 786 3019 945 3092; x_wconf 87' lang='lat' dir='ltr'><strong>significet.</strong></span> <span class='ocrx_word' id='word_1_290' title='bbox 975 3026 1062 3078; x_wconf 72' lang='lat' dir='ltr'><strong>sta—2</strong></span> 
     </span>
     <span class='ocr_line' id='line_1_35' title="bbox 54 3100 1033 3177; baseline 0 -15"><span class='ocrx_word' id='word_1_291' title='bbox 54 3109 104 3162; x_wconf 92' lang='lat' dir='ltr'><strong>tus</strong></span> <span class='ocrx_word' id='word_1_292' title='bbox 120 3106 184 3171; x_wconf 91' lang='lat' dir='ltr'><strong>est,</strong></span> <span class='ocrx_word' id='word_1_293' title='bbox 207 3101 258 3160; x_wconf 93' lang='lat' dir='ltr'><strong>ubi</strong></span> <span class='ocrx_word' id='word_1_294' title='bbox 273 3102 366 3161; x_wconf 92' lang='lat' dir='ltr'><strong>rebus</strong></span> <span class='ocrx_word' id='word_1_295' title='bbox 383 3102 493 3176; x_wconf 87' lang='lat' dir='ltr'><strong>quietis</strong></span> <span class='ocrx_word' id='word_1_296' title='bbox 508 3116 565 3159; x_wconf 89' lang='lat' dir='ltr'><strong>nee</strong></span> <span class='ocrx_word' id='word_1_297' title='bbox 582 3100 741 3175; x_wconf 83' lang='lat' dir='ltr'><strong>agentibus</strong></span> <span class='ocrx_word' id='word_1_298' title='bbox 758 3119 815 3162; x_wconf 92' lang='lat' dir='ltr'><strong>nec</strong></span> <span class='ocrx_word' id='word_1_299' title='bbox 831 3102 1033 3177; x_wconf 76' lang='lat' dir='ltr'><strong>cogitantibus</strong></span> 
     </span>
     <span class='ocr_line' id='line_1_36' title="bbox 57 3184 1035 3258; baseline 0.001 -14"><span class='ocrx_word' id='word_1_300' title='bbox 57 3186 222 3258; x_wconf 90' lang='lat' dir='ltr'><strong>quicquam</strong></span> <span class='ocrx_word' id='word_1_301' title='bbox 247 3185 358 3243; x_wconf 88' lang='lat' dir='ltr'><strong>iulman</strong></span> <span class='ocrx_word' id='word_1_302' title='bbox 382 3184 505 3258; x_wconf 92' lang='lat' dir='ltr'><strong>quidem</strong></span> <span class='ocrx_word' id='word_1_303' title='bbox 530 3185 690 3244; x_wconf 92' lang='lat' dir='ltr'><strong>intervenit</strong></span> <span class='ocrx_word' id='word_1_304' title='bbox 710 3194 740 3244; x_wconf 90' lang='lat' dir='ltr'><strong>et</strong></span> <span class='ocrx_word' id='word_1_305' title='bbox 760 3195 812 3246; x_wconf 89' lang='lat' dir='ltr'><strong>aut</strong></span> <span class='ocrx_word' id='word_1_306' title='bbox 832 3187 962 3245; x_wconf 90' lang='lat' dir='ltr'><strong>minatur</strong></span> <span class='ocrx_word' id='word_1_307' title='bbox 983 3193 1035 3245; x_wconf 92' lang='lat' dir='ltr'><strong>aut</strong></span> 
     </span>
     <span class='ocr_line' id='line_1_37' title="bbox 55 3266 1033 3342; baseline 0 -15"><span class='ocrx_word' id='word_1_308' title='bbox 55 3266 203 3342; x_wconf 89' lang='lat' dir='ltr'><strong>promittit</strong></span> <span class='ocrx_word' id='word_1_309' title='bbox 217 3273 269 3326; x_wconf 90' lang='lat' dir='ltr'><strong>aut</strong></span> <span class='ocrx_word' id='word_1_310' title='bbox 282 3274 394 3327; x_wconf 90' lang='lat' dir='ltr'><strong>monet.</strong></span> <span class='ocrx_word' id='word_1_311' title='bbox 419 3266 479 3326; x_wconf 90' lang='lat' dir='ltr'><strong>hoe</strong></span> <span class='ocrx_word' id='word_1_312' title='bbox 505 3268 752 3327; x_wconf 91' lang='lat' dir='ltr'><strong>monitorium</strong></span> <span class='ocrx_word' id='word_1_313' title='bbox 776 3275 876 3328; x_wconf 91' lang='lat' dir='ltr'><strong>vocat.</strong></span> <span class='ocrx_word' id='word_1_314' title='bbox 903 3269 958 3327; x_wconf 90' lang='lat' dir='ltr'><strong>sad</strong></span> <span class='ocrx_word' id='word_1_315' title='bbox 982 3285 1033 3327; x_wconf 92' lang='lat' dir='ltr'><strong>ne-</strong></span> 
     </span>
     <span class='ocr_line' id='line_1_38' title="bbox 56 3350 1034 3425; baseline -0.002 -13"><span class='ocrx_word' id='word_1_316' title='bbox 56 3350 138 3423; x_wconf 92' lang='lat' dir='ltr'><strong>scio,</strong></span> <span class='ocrx_word' id='word_1_317' title='bbox 162 3366 258 3423; x_wconf 85' lang='lat' dir='ltr'><strong>quare</strong></span> <span class='ocrx_word' id='word_1_318' title='bbox 279 3367 339 3410; x_wconf 96' lang='lat' dir='ltr'><strong>non</strong></span> <span class='ocrx_word' id='word_1_319' title='bbox 361 3351 441 3409; x_wconf 89' lang='lat' dir='ltr'><strong>idem</strong></span> <span class='ocrx_word' id='word_1_320' title='bbox 458 3350 498 3409; x_wconf 93' lang='lat' dir='ltr'><strong>sit</strong></span> <span class='ocrx_word' id='word_1_321' title='bbox 513 3351 598 3424; x_wconf 88' lang='lat' dir='ltr'><strong>quod</strong></span> <span class='ocrx_word' id='word_1_322' title='bbox 614 3350 829 3411; x_wconf 86' lang='lat' dir='ltr'><strong>consiIIarium.</strong></span> <span class='ocrx_word' id='word_1_323' title='bbox 851 3366 920 3409; x_wconf 91' lang='lat' dir='ltr'><strong>nam</strong></span> <span class='ocrx_word' id='word_1_324' title='bbox 936 3358 966 3410; x_wconf 92' lang='lat' dir='ltr'><strong>et</strong></span> <span class='ocrx_word' id='word_1_325' title='bbox 982 3351 1034 3425; x_wconf 92' lang='lat' dir='ltr'><strong>qni</strong></span> 
     </span>
     <span class='ocr_line' id='line_1_39' title="bbox 55 3431 1063 3511; baseline 0 -17"><span class='ocrx_word' id='word_1_326' title='bbox 55 3440 175 3507; x_wconf 87' lang='lat' dir='ltr'><strong>monet,</strong></span> <span class='ocrx_word' id='word_1_327' title='bbox 201 3434 360 3493; x_wconf 91' lang='lat' dir='ltr'><strong>consilium</strong></span> <span class='ocrx_word' id='word_1_328' title='bbox 382 3433 443 3492; x_wconf 91' lang='lat' dir='ltr'><strong>dat.</strong></span> <span class='ocrx_word' id='word_1_329' title='bbox 473 3433 530 3493; x_wconf 90' lang='lat' dir='ltr'><strong>sed</strong></span> <span class='ocrx_word' id='word_1_330' title='bbox 549 3432 642 3493; x_wconf 86' lang='lat' dir='ltr'><strong>habet</strong></span> <span class='ocrx_word' id='word_1_331' title='bbox 660 3432 793 3511; x_wconf 83' lang='lat' dir='ltr'><strong>aliquam</strong></span> <span class='ocrx_word' id='word_1_332' title='bbox 808 3431 1063 3494; x_wconf 74' lang='lat' dir='ltr'><strong>dIstinctionema</strong></span> 
     </span>
    </p>
   </div>
   <div class='ocr_carea' id='block_1_5' title="bbox 0 0 1186 3840">
    <p class='ocr_par' dir='ltr' id='par_1_7' title="bbox 0 0 1186 3840">
     <span class='ocr_line' id='line_1_40' title="bbox 0 0 1186 3840; baseline 0 0"><span class='ocrx_word' id='word_1_333' title='bbox 0 0 1186 3840; x_wconf 95' lang='lat' dir='ltr'><strong> </strong></span> 
     </span>
    </p>
   </div>
  </div>
 </body>
</html>
