2364 3840
114 195 175 259 172
407 194 440 252 L.
463 193 608 252 ailrlAEt
632 192 807 252 SENECAE

112 346 181 423 ipso
198 346 265 406 sole
280 345 375 405 maior
390 345 561 418 adparet‘t“
597 343 670 416 Quia
691 350 739 402 est
754 341 881 402 alicuius
898 341 1018 418 speculi
1033 358 1079 402 na

112 439 180 491 tura
200 431 284 500 talis,
307 438 340 489 ut
360 429 475 488 maiora
493 429 585 487 multo
608 442 698 501 qaam
719 425 822 484 videat
842 426 986 486 ostendat
1006 434 1036 486 et
1054 427 1081 484 in

114 521 323 589 portentosum
343 517 453 585 augeat
472 513 602 582 formas,
629 508 757 569 alicuius
784 509 852 569 talis
877 508 1025 583 invicem,
1053 516 1082 568 ut

84 599 234 658 tminuat.
272 595 370 668 „lllud
385 595 434 653 dic
450 594 536 666 milri,
559 609 654 668 quare
669 591 699 651 in
715 593 820 652 orbem
836 600 886 653 eal
900 592 1013 665 facim,
1029 593 1082 652 nisi

113 680 180 741 orbi
195 680 351 739 reddituri
373 679 458 736 dices
473 677 552 736 enim
568 678 715 749 fortasse,
731 675 813 736 unde
828 676 867 734 sit
881 674 924 734 illi
937 676 1024 736 color
1035 692 1081 735 va·

111 765 190 824 rius=
213 765 295 822 unde
308 761 408 835 figura
422 761 490 819 talis
506 762 558 831 sit,
581 775 642 819 nan
657 759 757 831 dices,
773 757 830 818 nisi
846 759 973 833 aliquod
985 775 1081 820 exem·

114 849 187 922 plar,
207 848 244 905 ad
259 845 342 918 quod
359 845 512 916 formetur,
528 843 709 903 ostenderis.
733 841 847 902 nullum
861 849 964 901 autem
981 842 1079 916 [aliud]

113 947 205 1003 quam
226 929 300 988 solis
321 935 382 999 est,
407 944 424 986 a
446 943 507 1002 quo
529 942 597 985 cum
618 933 650 985 tu
665 941 789 1000 quoque
805 924 930 985 fatearis
945 925 988 985 illi
1004 927 1080 987 cola·

111 1027 176 1072 rem
192 1012 271 1082 dari,
295 1011 439 1085 sequitur,
461 1019 493 1071 ut
508 1018 537 1069 et
551 1010 639 1071 detur
653 1010 758 1068 forma.
792 1008 933 1083 Denique
948 1009 1080 1071 interme

114 1104 204 1170 teque
226 1097 369 1155 convenit
387 1096 506 1155 colores
527 1093 610 1164 illas,
632 1091 743 1166 quibas
761 1093 845 1166 regio
862 1093 942 1152 coeli
958 1093 1079 1170 [delpin

112 1180 200 1252 gitur,
219 1195 238 1237 a
253 1179 320 1238 sale
335 1194 420 1237 esse:
443 1177 516 1238 illud
530 1193 624 1236 unum
639 1176 717 1234 inter
732 1192 789 1237 nas
805 1174 865 1237 nori
882 1177 1039 1236 convenit:
1054 1183 1079 1235 la

113 1262 190 1335 dicis
213 1263 296 1331 illum
317 1262 450 1322 calorem
472 1276 557 1334 esse,
580 1275 638 1334 ega
654 1260 761 1320 videri.
786 1260 837 1333 qui
852 1258 919 1318 slve
935 1267 997 1332 est,
1022 1260 1079 1319 sive

113 1346 246 1417 videtur,
273 1361 292 1403 a
314 1345 380 1406 sale
400 1351 462 1403 est:
490 1352 522 1403 tu
544 1359 605 1402 nan
626 1339 790 1417 expedies,
820 1358 916 1416 quare
937 1344 1024 1402 cclcr
1038 1343 1080 1401 ille

113 1429 213 1489 subito
235 1428 368 1499 desinat,
392 1442 459 1486 cum
483 1443 589 1486 omncs
611 1428 746 1500 fulgores
762 1425 906 1499 paulatim
921 1426 1079 1487 discutian-

83 1516 190 1576 etur.“
231 1509 290 1570 Pro
312 1525 360 1568 me
382 1517 429 1568 est
449 1517 478 1568 et
498 1508 657 1584 repentina
671 1511 737 1568 eius
751 1509 848 1568 facies
863 1515 894 1568 ei
907 1511 1079 1584 repentinus

111 1596 258 1654 interitus.
283 1593 438 1668 proprium
453 1592 531 1651 enim
547 1593 607 1652 hoc
623 1593 739 1666 speculi
755 1599 816 1666 est,
839 1592 869 1650 ia
884 1606 946 1667 quc
960 1609 1020 1652 nan
1032 1607 1080 1668 per

112 1675 367 1751 partes'struitur,
384 1676 466 1750 quod
478 1677 620 1750 adparet,
637 1677 693 1735 sed
704 1676 803 1735 statim
816 1682 912 1736 totum
924 1676 966 1737 fit.
989 1690 1080 1750 aeque

112 1760 171 1819 cilo
193 1759 292 1817 omnis
313 1759 412 1832 imago
433 1759 571 1821 aboletur
595 1761 624 1818 in
645 1760 712 1832 illo,
735 1774 825 1834 quam
850 1761 982 1835 ponitur.
1016 1759 1081 1818 nihil

113 1841 191 1902 enim
213 1841 294 1901 aliud
317 1843 356 1901 ad
377 1843 435 1902 ista
460 1842 622 1903 efficienda
650 1843 698 1901 vel
722 1843 911 1903 removenda
935 1860 1016 1918 opus
1040 1847 1081 1901 cst

113 1942 205 2000 quam
227 1926 347 1986 ostendi
369 1933 399 1986 et
419 1926 539 1987 abduci.
580 1927 646 1985 Non
667 1932 713 1985 est
734 1927 859 2000 propria
879 1925 910 1986 in
931 1927 992 1986 ista
1007 1926 1081 1986 nube

113 2009 283 2071 substantia
297 2025 354 2070 nec
369 2026 483 2083 corpus
499 2019 561 2083 est,
584 2011 639 2069 sed
656 2009 863 2084 mendacium,
879 2011 946 2070 sine
958 2026 994 2068 re
1005 2007 1080 2070 simi-

111 2093 217 2153 litudo.
251 2094 306 2151 Vis
323 2094 402 2152 scire
417 2093 476 2153 hoc
490 2095 530 2152 ita
546 2100 638 2152 esset
660 2093 779 2152 desinet
794 2108 900 2164 arcus,
920 2094 947 2152 si
962 2093 1081 2155 obtexe

111 2174 154 2234 ris
173 2177 278 2235 solem.
315 2175 457 2250 Oppone,
479 2177 616 2250 inquam,
634 2176 692 2236 sali
708 2178 831 2235 alteram
845 2176 974 2235 nubem:
996 2174 1082 2235 huius

83 2258 242 2326 5varietas
264 2258 404 2316 interibit.
441 2260 501 2330 „At
521 2259 617 2319 maior
637 2261 792 2334 aliquanto
816 2266 864 2319 est
883 2275 976 2320 arcas
996 2274 1082 2335 quara

113 2339 191 2399 sol.“
225 2340 295 2402 Dixi
313 2341 405 2400 modo
426 2341 492 2400 fieri
514 2344 655 2416 specula,
683 2359 761 2417 quae
782 2342 984 2417 multiplicent
997 2356 1082 2405 amne

112 2439 240 2498 carpas,
258 2426 341 2498 quod
354 2423 513 2485 imitantur.
549 2426 626 2487 illud
638 2426 781 2499 adiciam,
796 2426 897 2485 amaia
909 2443 964 2501 per
976 2441 1083 2500 aquam

113 2507 285 2567 videntibus
300 2508 391 2582 lange
406 2524 477 2568 esse
493 2505 621 2569 maiora:
644 2511 749 2570 literae
762 2509 900 2584 quamvis
913 2509 1047 2570 minutae
1057 2515 1084 2568 el

112 2589 264 2652 obscurae
280 2607 335 2666 per
349 2592 474 2652 vitream
493 2594 584 2669 pilam
600 2609 681 2666 aqua
696 2593 816 2666 plenam
831 2593 965 2653 maiores
981 2592 1083 2652 clari0÷

111 2689 225 2748 resque
240 2683 412 2737 cernuntur.
443 2692 534 2750 poma
548 2676 730 2736 sarmasiara
745 2692 835 2750 quam
850 2682 923 2737 sunt
937 2675 1083 2746 videntur,

112 2757 138 2815 si
160 2758 295 2818 innatant
311 2760 399 2819 vitra.
429 2759 531 2818 sidera
545 2759 693 2832 ampliora
710 2775 763 2832 per
777 2758 888 2819 nubem
905 2757 1084 2834 adspicienti

111 2839 261 2913 videntur,
287 2842 358 2916 quia
378 2844 461 2902 acies
476 2849 582 2902 nostra
595 2843 625 2901 in
641 2842 764 2902 humido
779 2842 890 2901 labitur
905 2857 964 2902 nec
979 2843 1083 2917 adpre-

111 2923 261 2998 hendere,
284 2925 367 2999 quod
389 2928 466 2997 vult,
488 2925 617 2985 fideliler
639 2931 749 3000 potest.
785 2925 869 3000 quad
892 2926 1084 2986 manifestum

112 3007 178 3077 fiet,
201 3007 227 3065 si
250 3010 392 3081 poculum
408 3009 571 3081 inpleveris
592 3025 674 3083 aqua
688 3016 718 3067 el
737 3008 766 3068 in
781 3009 813 3067 id
828 3008 999 3069 conieceris
1014 3024 1084 3069 anu-

112 3089 183 3146 lum.
212 3106 280 3148 nam
302 3091 419 3168 cumin
441 3091 510 3164 ipsc
533 3092 627 3153 lunda
648 3091 746 3152 iaceat
764 3091 889 3166 anulus,
910 3091 1007 3152 iacies
1022 3084 1083 3159 eius

84 3172 142 3233 liin
155 3187 273 3232 summa
286 3188 367 3247 aqua
378 3174 521 3235 redditur.
554 3174 708 3249 ‘Quicquid
721 3174 841 3234 videtur
852 3190 908 3249 per
917 3175 1083 3247 humorem,

113 3255 204 3328 lange
221 3255 350 3397 amplius
365 3271 439 3317 vera
455 3263 515 3316 est:
538 3258 612 3331 quid
627 3259 734 3316 mirum
749 3258 893 3317 maiorem
908 3258 997 3319 reddi
1015 3259 1083 3318 ima·

114 3335 213 3411 gincm
236 3355 271 3398 sc
285 3339 325 3412 ἰε,
348 3355 427 3413 quae
447 3341 476 3398 in
496 3340 578 3399 nube
593 3340 717 3400 humida
730 3340 851 3412 visitur,
874 3357 944 3402 cum
959 3358 999 3402 ex
1014 3342 1083 3401 dua·
1115 3354 1117 3358 ·

113 3419 172 3480 bus
193 3423 295 3481 causis
318 3422 378 3482 hcc
399 3423 532 3482 accidat:
559 3423 631 3497 quia
651 3424 680 3482 in
703 3424 784 3484 nube
805 3432 852 3484 est
872 3425 989 3499 aliquid
1011 3424 1083 3484 vitra
