2364 3840
255 173 308 234 DE
323 172 537 234 Beneficus
557 173 630 233 LlB.
643 174 696 233 vl.
717 183 833 238 7-ll.
978 176 1040 241 113

56 342 153 404 quam
175 324 316 385 nescisse
338 325 410 399 quid
433 327 572 385 faceret?
611 325 726 385 Eadem
746 342 797 387 res
819 327 913 388 efficit
933 345 971 388 ne
991 330 1072 393 frica

54 409 240 471 beneficium
263 408 397 481 dederit,
427 425 466 469 ne
489 409 540 469 ille
561 409 699 469 iniuriam
721 410 841 471 feccrit:
864 419 894 471 et
909 413 1039 474 amicum
1062 424 1066 429 ·

53 502 88 556 et
101 492 257 554 inimicum
272 494 413 553 voluutas
429 493 510 552 facit.
540 493 634 566 Quam
651 496 762 554 multos
778 495 900 556 militiae
912 497 1037 557 morbus

54 577 193 653 eripuit?
216 577 376 651 quosdam,
393 591 432 635 ne
444 577 483 637 ad
495 578 611 636 ruinam
624 579 735 638 domus
747 589 1037 652 suaeoccurrerent,

53 661 198 722 inimicus
211 660 387 721 vadimonio
403 661 510 720 tenuit.
535 679 574 720 ne
588 660 618 720 in
632 660 795 736 piratarum
807 679 917 723 manus
931 680 1038 738 perve-

54 747 171 817 nirent,
197 745 321 820 quidam
345 744 503 818 naufragio
519 745 675 805 consecuti
694 752 778 805 sunt:
802 763 859 807 nec
874 746 921 807 his
938 757 1037 807 tamen

54 826 241 890 beneficium
255 828 418 902 debemus,
434 827 578 904 quoniam
594 836 680 889 extra
695 845 821 891 sensum
838 832 930 892 officii
946 847 1038 892 casus

52 919 121 987 est,
136 926 194 971 nec
209 910 346 986 inimico,
363 912 450 971 cuius
466 929 523 972 nos
535 913 572 973 lis
585 913 733 989 servavit,
750 916 821 974 dum
834 922 926 975 vexat
938 932 973 975 ac
985 916 1039 975 dc-

53 997 141 1058 tinet.
168 995 236 1054 Non
250 1004 298 1054 est
312 994 493 1056 beneficium
509 996 568 1057 nisi
581 999 666 1072 quod
678 1012 697 1055 a
709 997 789 1058 bona
800 1002 956 1060 voluntate
969 1017 1037 1076 pro·
1053 1010 1070 1064 3

54 1080 220 1153 ficiscitur,
247 1079 306 1139 nisi
327 1079 401 1138 illud
422 1080 585 1155 adgnoscit
600 1084 651 1155 qui
667 1081 760 1142 dedit.
796 1082 912 1143 Profuit
927 1083 1037 1159 aliquis

53 1162 145 1236 mihi,
171 1164 244 1223 dum
264 1164 376 1223 nescit:
405 1162 477 1223 nihil
498 1165 540 1224 illi
561 1165 670 1223 debeo.
704 1166 829 1239 profuit,
858 1183 926 1225 cum
949 1171 1039 1227 vellet

54 1261 190 1307 nocere=
216 1244 357 1306 imitabor
371 1247 482 1320 ipsum.

119 1330 157 1389 X.
180 1331 229 1388 Ad
243 1331 372 1404 primum
387 1330 470 1390 iilum
485 1339 689 1391 revertamurz
711 1339 744 1393 ut
758 1332 885 1406 gratiam
898 1334 1037 1407 referam,
1055 1346 1068 1396 1

53 1413 174 1489 aliquid
195 1414 297 1473 facere
317 1430 365 1473 me
386 1415 459 1473 vist
494 1417 562 1489 ipse
583 1424 615 1475 ut
634 1416 818 1476 beneficium
845 1414 916 1474 mihi
941 1417 1037 1489 daret

55 1498 132 1558 nihil
155 1497 234 1556 lecit.
270 1498 310 1558 Ut
325 1498 363 1557 ad
379 1498 505 1558 alterum
522 1507 730 1561 transeamus:
755 1499 801 1558 vis
816 1516 865 1558 me
884 1500 955 1559 huic
971 1516 1037 1575 gra·

55 1585 131 1643 tiam
147 1581 277 1655 referre,
301 1588 332 1640 ut
347 1582 430 1656 quod
448 1598 466 1640 a
481 1585 603 1643 nolente
622 1586 745 1659 accepi,
768 1586 875 1644 voleus
890 1584 1039 1643 reddam?

54 1666 132 1727 Nam
156 1664 229 1739 quid
251 1665 289 1724 de
310 1665 397 1725 tertio
417 1667 540 1740 loquar,
565 1666 618 1741 qui
633 1667 670 1725 ab
686 1668 795 1728 iniuria
809 1668 838 1726 in
854 1668 1037 1728 beneficium

57 1751 207 1824 delapsus
223 1755 291 1808 est?
318 1757 352 1809 ut
366 1749 548 1808 beneficium
563 1751 615 1809 tibi
633 1751 776 1823 debeam,
796 1768 905 1825 parum
921 1759 968 1812 est
982 1769 1038 1813 vo-

58 1833 154 1894 luisse
168 1838 198 1891 te
213 1833 296 1891 dare.
320 1841 352 1892 ut
367 1848 428 1891 non
443 1832 588 1906 debeam,
604 1834 679 1892 satis
694 1841 743 1894 est
757 1835 904 1894 noluisse.
939 1836 1037 1895 Bene·
1052 1841 1069 1892 ι

56 1915 160 1977 ficium
178 1915 257 1974 enim
273 1918 414 1977 voluntas
429 1916 512 1976 nuda
526 1932 587 1975 non
604 1916 711 1989 eflicit,
729 1918 786 1977 sed
798 1917 881 1991 quod
895 1917 1037 1977 benefici-

56 2016 110 2061 um
125 2015 188 2060 non
203 2007 300 2075 esset,
317 2001 343 2060 si
355 2001 488 2075 optimae
500 2016 536 2058 ac
548 1998 745 2075 plenissimae
756 1999 905 2060 voluntati
918 2001 1038 2060 fortuna

59 2085 200 2157 deesset,
222 2083 252 2142 id
270 2099 370 2160 aeque
385 2083 569 2144 beneficium
584 2100 644 2144 non
661 2089 722 2156 est,
748 2083 806 2144 nisi
819 2085 970 2143 fortunam
984 2100 1036 2143 vo·

57 2169 160 2229 luntas
174 2169 346 2228 antecessit.
375 2168 530 2228 nonenim
546 2168 700 2243 profuisse
716 2176 745 2228 te
762 2167 832 2227 mihi
848 2174 984 2242 oportet,
1006 2176 1038 2229 ut

59 2252 100 2312 ob
114 2251 174 2310 hoc
188 2250 241 2310 tibi
258 2252 384 2325 obliger,
407 2253 463 2311 sed
478 2268 517 2311 ex
533 2251 684 2313 destinato
700 2251 866 2327 proluisse.

121 2334 172 2397 XI.
195 2333 355 2395 Cleanthes
368 2337 509 2410 exemplo
522 2336 671 2396 eiusmodi
684 2336 791 2397 utitur:
812 2337 880 2410 „Ad
890 2352 1037 2411 quaeren-
1054 2342 1068 2392 1

58 2419 148 2491 dum,
164 2417 275 2492 inquit,
293 2426 323 2478 et
339 2419 558 2478 accersendum
571 2436 611 2479 ex
623 2420 779 2480 academia
790 2419 944 2478 Platonem
958 2420 1036 2479 duos

58 2517 174 2578 pueros
195 2501 279 2560 misi:
303 2503 379 2562 alter
393 2509 486 2562 totam
502 2504 650 2577 porticum
667 2509 879 2577 perscrutatus
895 2507 956 2573 cst,
979 2502 1038 2559 alia

61 2600 188 2661 quoque
198 2586 277 2657 loca,
291 2586 319 2644 in
334 2586 444 2659 quibus
457 2585 541 2646 illum
553 2587 681 2645 inveniri
693 2601 789 2660 posse
800 2582 953 2659 sperabat,
969 2599 1038 2657 per-

60 2669 197 2729 cucurrit
212 2676 242 2728 et
256 2669 379 2728 domum
397 2686 458 2730 nou
474 2669 574 2729 minus
589 2672 692 2729 lassus
708 2685 798 2743 quam
813 2668 919 2727 inritus
937 2666 1036 2726 rediit.

60 2755 138 2813 alter
153 2752 237 2826 apud
254 2752 425 2825 proximum
441 2753 651 2812 circulatorem
667 2752 781 2812 resedit
793 2760 837 2823 et,
854 2751 926 2811 dum
939 2760 1069 2825 vagusi

59 2844 153 2911 utque
167 2849 315 2896 erroneus
330 2837 501 2896 vernaculis
517 2843 720 2911 congregatur
731 2843 761 2894 et
772 2835 860 2907 ludit,
877 2841 1036 2896 transeun-

58 2928 121 2980 tem
128 2918 293 2992 Platonem‚
307 2934 398 2994 quem
407 2936 469 2981 non
478 2921 660 2995 quaesierat
673 2919 797 2977 invenit.
820 2919 916 2991 Illum,
932 2918 1037 2993 inquit

59 3003 255 3063 laudabimus
271 3018 414 3077 puerum,
434 3002 500 3078 qui,
525 3010 670 3078 quantum
686 3004 715 3061 in
731 3018 766 3062 se
782 3010 860 3077 erat,
877 3003 960 3076 quod
976 3004 1037 3061 ius-

60 3103 116 3148 sus
127 3094 176 3146 est
187 3084 272 3144 fecit:
287 3085 368 3145 hunc
380 3086 505 3146 feliciter
516 3085 642 3145 inertem
652 3085 899 3160 castigabimus.“
920 3086 1071 3146 volun-e

58 3178 108 3231 tas
131 3177 192 3242 est,
217 3184 296 3243 quae
318 3170 400 3244 apud
418 3186 475 3228 nos
491 3170 577 3244 ponit
592 3169 736 3230 officium.
768 3170 855 3229 cuius
872 3169 942 3227 vide
959 3184 1038 3242 quae

60 3253 204 3314 condicio
231 3253 283 3326 sit,
313 3260 346 3313 ut
374 3268 422 3311 me
449 3252 551 3312 debito
579 3252 757 3327 obstringat.
796 3252 905 3310 Parum
928 3260 976 3310 est
997 3251 1036 3309 illi

60 3337 158 3410 velle,
175 3336 233 3395 nisi
248 3336 376 3410 profuit=
400 3353 507 3410 parum
520 3343 568 3395 est
579 3337 750 3409 profulsse,
767 3336 825 3395 nisi
837 3334 941 3394 voluit.
966 3341 1039 3407 puta

58 3422 143 3480 enim
158 3419 291 3494 aliquem
303 3420 420 3479 donare
431 3420 568 3479 voluisse
583 3435 640 3478 nec
653 3421 802 3480 donasse:
823 3418 957 3476 animum
972 3414 1038 3488 qui-

105 3522 208 3561 ssnscn
226 3523 296 3561 unu.
319 3507 350 3562 ll.
867 3506 886 3557 8
