2364 3840
130 182 172 246 46
408 182 441 241 L.
463 181 606 240 ANNAEl
630 180 806 242 SENECAE

130 338 286 410 dicebam,
303 336 545 396 iucundissimae
560 335 690 394 fructum
705 351 766 394 non
785 331 927 409 percipit
957 337 1002 396 Al
1018 353 1091 413 quer

129 422 211 480 iuvat
237 421 412 495 accepisse,
436 419 557 493 aequali
584 427 794 493 perpetuaque
819 418 980 492 voluptate
1002 421 1091 482 lruilu

129 514 158 562 et
173 504 303 563 animum
320 505 401 575 eim,
424 518 519 577 aquo
537 503 671 576 accepit,
689 517 749 560 non
765 518 828 560 rem
844 503 968 563 intuens
984 506 1090 578 gaude

128 597 245 662 gratum
265 588 416 647 hominem
437 601 560 659 semper
581 585 762 645 beneficium
784 586 929 659 delectat,
954 587 1091 662 ingratur

97 674 232 738 esemel.
265 671 430 744 conparari
445 679 545 729 autem
560 676 663 744 potest
675 671 834 743 utriusque
851 670 928 729 vita:
944 687 1018 731 cum
1036 675 1091 734 alte

129 757 222 815 tristis
250 755 289 814 sit
314 762 343 813 et
364 753 529 827 sollicituS‚
554 752 652 828 qualis
676 770 747 812 esse
768 753 913 814 infitiator
926 770 967 814 ac
983 757 1091 816 fraudu

129 841 227 898 lentus
242 840 335 910 solet,
357 838 440 911 apud
458 852 548 911 quem
564 854 624 897 non
644 845 818 913 parentum,
842 839 894 912 qui
917 837 1031 913 debet,
1056 841 1091 901 ho

127 938 184 980 nor
199 930 260 994 est,
280 937 340 981 non
356 922 546 992 educatoris,
562 938 622 981 non
639 929 888 996 praeceptorum,
905 924 985 982 alter
999 925 1091 986 laetus

127 1005 246 1077 hilaris,
271 1007 466 1065 occasionem
481 1005 660 1064 referendae
675 1004 789 1078 gratiae
810 1013 1001 1079 exspectans
1026 1018 1058 1069 et
1072 1026 1091 1070 e]

127 1089 186 1147 lroc
202 1089 270 1162 ipso
286 1090 407 1150 adiectu
422 1090 566 1164 gaudium
592 1088 709 1162 grande
731 1088 907 1162 percipiens
928 1106 988 1150 nec
1014 1109 1091 1168 quae

71 1204 74 1213 ,
126 1187 198 1230 rens
224 1174 380 1246 quomodo
411 1175 578 1249 decoquat,
608 1173 665 1231 sed
697 1172 956 1246 quemadmodum
986 1177 1091 1249 pleniu

125 1256 313 1331 ulteriusque
334 1257 524 1331 respondeat
544 1272 604 1315 non
627 1256 726 1314 solum
747 1257 923 1329 parentibus
940 1265 972 1318 et
987 1262 1091 1320 amicir

126 1339 181 1397 sed
197 1340 409 1400 humilioribus
425 1355 551 1415 quoque
566 1340 744 1413 [personist.
767 1357 837 1399 nam
848 1342 968 1400 etiamsi
981 1359 1001 1402 a
1015 1360 1091 1403 sero

126 1439 183 1482 suo
199 1424 382 1483 beneficium
403 1425 536 1497 accepit,
559 1424 698 1482 aestimat
718 1440 780 1483 non
803 1440 916 1498 aquo,
939 1427 1000 1486 sed
1024 1445 1091 1503 quor

126 1507 289 1581 acceperit.

94 1598 108 1647 1
187 1589 293 1648 XVlll.
314 1589 503 1661 Quamquam
520 1591 724 1662 quaeritur
739 1608 756 1650 a
772 1588 957 1665 quibusdam
973 1593 1060 1654 sieut
1070 1595 1091 1654 ol

123 1672 296 1744 Hecatone,
328 1687 372 1729 an
402 1670 636 1733 beneficium
664 1675 756 1732 dare
783 1689 924 1733 servus
946 1676 1091 1737 domim

123 1755 263 1827 possit.
298 1761 368 1814 sunt
383 1755 461 1812 enim
479 1757 529 1828 qui
550 1757 590 1816 ita
612 1757 815 1831 distinguant=
839 1759 996 1831 quaedam
1014 1762 1091 1821 bene

123 1837 291 1910 ficiaesse,
315 1839 467 1912 quaedam
488 1840 604 1913 officia,
622 1842 772 1915 quaedam
793 1840 971 1902 ministeria
1013 1846 1091 1905 bene

122 1920 223 1981 ficium
240 1922 410 1996 essequod
427 1924 542 1984 alienus
558 1925 624 1984 det:
648 1926 765 1984 alienus
781 1931 841 1994 est,
859 1924 909 1997 qui
924 1929 1029 2000 potuit
1041 1931 1091 1990 sin

121 2005 363 2079 reprehensione
378 2022 511 2067 cessare.
538 2009 672 2067 osticium
689 2023 760 2066 esse
776 2006 844 2080 filii,
859 2009 981 2082 uxoris,
999 2028 1091 2074 earun

121 2105 339 2163 personarum,
363 2107 441 2166 quas
470 2091 666 2151 necessitudo
694 2091 821 2151 suscitat
847 2097 876 2149 et
901 2093 986 2153 lerre
1014 2113 1091 2173 open

120 2173 211 2230 iubet.
234 2175 431 2233 ministerium
447 2189 518 2232 esse
532 2173 623 2240 servi,
642 2188 731 2245 quem
746 2173 887 2234 condicio
903 2191 964 2236 sua
981 2195 1023 2240 eo
1037 2183 1091 2242 loct

122 2256 238 2326 posuit,
261 2265 293 2316 ut
311 2257 384 2316 nihil
405 2272 511 2316 eorum
534 2269 613 2328 quae
630 2264 776 2328 praestat,
799 2258 917 2333 inputet
932 2265 1091 2336 superiori

89 2336 314 2400 2⁹⁶Praeterea
340 2355 492 2399 servum
519 2339 585 2410 qui
614 2348 729 2411 negat
759 2340 851 2401 dare
876 2344 1091 2419 aliquandl

121 2421 268 2483 domino
284 2422 536 2489 beneficium,
559 2419 719 2492 ignarus
741 2426 914 2485 estiuris
930 2427 1090 2492 humani

119 2506 211 2566 relert
228 2507 323 2576 enim,
341 2505 429 2563 cuius
445 2501 537 2560 animi
552 2503 591 2560 sit
606 2504 657 2577 qui
673 2516 823 2578 praestat,
846 2527 906 2569 non
927 2514 1024 2577 euius
1041 2526 1091 2577 su·

118 2597 182 2648 tus:
212 2590 284 2647 nulli
311 2587 473 2662 praeclusa
498 2585 594 2643 virtus
616 2595 677 2658 est,
701 2590 840 2650 omnibus
866 2601 968 2671 patet,
991 2617 1091 2661 omnes

119 2673 259 2742 admittit,
275 2684 382 2728 omnes
396 2667 516 2738 invitat,
532 2668 697 2743 ingenuos,
714 2674 886 2748 libertinos,
903 2694 1038 2759 servos,
1055 2701 1091 2744 re·

117 2769 188 2826 ges,
207 2752 325 2809 exules.
351 2764 412 2807 non
429 2748 511 2822 eligit
527 2750 648 2812 domum
665 2772 721 2816 nec
737 2773 879 2832 censum,
894 2764 984 2824 nudo
1002 2767 1091 2829 homi·

116 2851 155 2892 ne
172 2838 313 2892 contenta
328 2839 384 2890 est.
420 2832 498 2903 Quid
513 2835 593 2893 enim
608 2846 673 2897 erat
685 2841 738 2898 tuti
753 2842 905 2903 adversus
922 2853 1091 2923 repentina,

117 2917 190 2991 quid
210 2915 329 2973 animus
350 2930 493 2988 magnum
515 2920 702 2991 promitteret
722 2923 794 2996 sibi,
818 2927 844 2984 si
868 2937 987 2993 certam
1002 2937 1091 2996 virtu·

82 3007 173 3066 stem
191 2998 312 3057 fortuna
326 3004 476 3057 mutaret?
505 3000 612 3061 Sinon
635 3005 686 3065 dat
705 3007 887 3069 beneficium
907 3030 1024 3079 servus
1042 3022 1090 3081 do

115 3082 211 3151 mino,
233 3095 289 3139 nee
304 3081 369 3154 regi
385 3080 548 3156 quisquam
568 3102 625 3148 suo
645 3104 702 3149 nec
717 3091 786 3150 duci
802 3109 859 3152 suo
877 3097 980 3160 miles.
1021 3103 1089 3179 quid

100 3163 195 3222 'enim
210 3164 344 3236 interest,
362 3166 446 3238 quali
461 3168 529 3241 quis
545 3176 682 3233 teneatur
697 3174 839 3248 imperio,
863 3178 890 3236 si
905 3197 1034 3247 summo
1052 3197 1088 3249 ιθ.

116 3254 223 3307 netur?
241 3264 311 3307 nam
333 3249 360 3308 si
380 3264 487 3322 servo,
510 3269 570 3325 quo
586 3255 685 3316 minus
701 3259 730 3316 in
743 3274 852 3317 nornen
866 3265 968 3327 meriti
982 3286 1088 3344 perve-

115 3331 192 3405 niat,
209 3334 378 3394 necessitas
394 3333 482 3393 obest
497 3341 526 3393 et
538 3340 670 3409 patiendi
681 3342 783 3401 ultima
794 3343 897 3418 timor,
914 3348 1000 3411 idem
1013 3354 1088 3416 istuc

115 3416 247 3478 obstabit
261 3424 291 3477 et
305 3417 332 3478 ei
349 3416 400 3492 qui
414 3432 518 3492 regem
532 3419 622 3481 habet
636 3430 665 3481 et
681 3423 708 3482 ei
725 3427 775 3498 qui
791 3426 916 3506 ducem,
940 3440 1088 3510 quoniam
