2364 3840
122 181 165 245 84
413 183 447 241 L.
470 180 616 240 anunm
638 174 813 240 sentient

122 336 253 410 quisset,
281 348 360 407 quae
383 332 541 405 naufragio
563 339 701 406 ceperat,
729 348 789 392 non
813 330 956 392 omnibus
978 334 1097 394 miseris

121 435 202 494 aqua
218 425 247 476 et
264 418 325 491 igni
339 417 557 475 interdixerat?
587 415 690 475 Potius
707 422 773 487 est,
797 415 909 491 inquit,
927 416 1007 476 intra
1021 416 1097 477 fines

119 503 206 576 regni
231 503 338 559 meite
360 500 461 558 literas
485 499 560 558 istas
582 499 680 559 oculis
703 498 916 559 inscribendas
933 500 1098 560 durissimo

119 587 217 645 lronte
235 583 439 643 circumferre.
472 583 617 654 ostende,
640 597 731 657 quam
751 598 841 642 sacra
862 598 912 642 res
932 583 972 642 sit
992 599 1097 642 mensa

118 668 290 742 hospitalis.
324 665 437 740 praebe
450 666 480 723 in
499 665 576 723 lacie
593 673 645 723 tua
658 664 823 739 legendum
837 667 916 726 istuc
929 666 1096 740 decretum,

119 770 180 827 quo
203 758 342 820 cavetur,
366 764 404 808 ne
423 747 553 809 miseros
576 755 656 809 tecto
672 749 776 808 iuvare
791 750 902 824 capital
917 749 964 808 sit.
1000 749 1097 824 Magis

119 836 177 895 isto
203 833 378 894 constitutio
405 834 450 892 sic
476 833 533 892 erit
553 840 634 904 rata,
663 833 801 906 quamsi
824 833 955 892 illamin
979 848 1034 893 aes
1055 835 1096 892 in·

119 920 272 977 cidissem.

86 1011 102 1062 1
180 1001 312 1058 XXXIX.
332 1000 453 1073 „Quare
465 1015 548 1074 ergo,
573 999 679 1074 inquit,
694 999 777 1060 Zeno
792 1007 903 1072 vester,
922 1015 992 1060 cum
1010 1001 1095 1075 quin-

118 1092 227 1158 gentos
244 1084 386 1144 denarios
402 1084 523 1142 cuidam
539 1084 733 1158 promisisset
747 1091 869 1144 mutuos
884 1091 914 1143 et
930 1085 999 1158 ipse
1014 1085 1095 1144 illum

118 1184 225 1241 parum
248 1167 391 1228 idoneum
413 1169 621 1243 conperisset,
643 1165 748 1226 amicis
767 1167 969 1227 suadentibus
989 1183 1028 1226 ne
1044 1169 1095 1227 da-

85 1259 180 1324 2ret,
208 1252 419 1326 perseveravit
440 1253 580 1323 credere,
612 1251 683 1325 quia
703 1251 930 1324 prontiseratt“
963 1250 1095 1312 Primum

118 1337 177 1394 alia
195 1336 336 1395 condicio
359 1343 406 1395 est
425 1335 456 1393 in
478 1335 610 1405 credito,
631 1335 690 1393 alia
704 1335 734 1392 in
749 1335 916 1394 beneficio:
943 1334 1095 1409 pecuniae

117 1421 207 1478 etiam
229 1422 308 1478 male
332 1419 466 1478 creditae
487 1419 606 1480 exactio
621 1425 683 1489 est,
702 1424 733 1476 et
754 1418 911 1493 adpellare
926 1419 1095 1479 debitorem

117 1503 156 1560 ad
173 1503 251 1560 diem
270 1519 413 1576 possum,
436 1508 479 1574 et,
506 1500 533 1560 si
548 1504 615 1561 loro
631 1501 773 1574 cesserit,
799 1500 970 1576 portionem
990 1503 1093 1562 leram.

117 1586 299 1644 beneficium
321 1592 351 1643 et
370 1592 465 1644 totum
486 1586 564 1660 perit
587 1593 616 1644 et
631 1584 741 1644 statim.
773 1584 936 1645 Praeterea
949 1584 1010 1645 hoc
1026 1586 1094 1646 mali

116 1667 175 1726 viri
190 1676 251 1738 est,
277 1670 349 1727 illud
370 1669 440 1727 mali
462 1669 556 1743 patris
572 1667 712 1728 familiae.
745 1669 862 1729 Deinde
876 1684 914 1727 ne
928 1668 1013 1729 Zeno
1031 1671 1094 1745 qui·

117 1751 201 1820 dem,
229 1749 255 1809 si
281 1753 377 1812 maior
400 1753 509 1812 luisset
537 1769 674 1826 summa,
699 1753 825 1812 eredere
850 1761 1093 1827 perseverasset.

118 1835 274 1908 quingenti
290 1834 406 1895 denarii
421 1845 505 1908 sunt,
528 1837 602 1897 illud
619 1836 702 1911 quod
717 1836 777 1895 dici
793 1837 886 1907 solet,
911 1836 966 1910 „in
986 1837 1092 1898 morbo

83 1925 101 1979 3
118 1924 307 1978 consumat.“
322 1918 377 1978 luit
391 1922 464 1981 tanti
479 1938 540 1981 non
557 1934 705 1980 revocare
720 1921 907 1994 promissum
922 1935 1024 1980 suum.
1047 1921 1092 1980 Ad

118 2015 258 2074 coenam,
276 2002 348 2076 quia
365 2002 506 2076 promisi,
522 2004 589 2077 ibo,
602 2004 721 2063 etiamsi
737 2002 834 2077 frigus
850 2003 920 2063 erit:
947 2020 1010 2064 non
1030 2003 1092 2078 qui-

117 2086 201 2157 dem,
223 2086 250 2142 si
270 2087 356 2144 nives
379 2086 498 2144 eadent.
532 2085 661 2160 Surgam
684 2088 723 2146 ad
737 2087 910 2161 sponsalia,
933 2087 1008 2161 quia
1023 2103 1091 2161 pro-

117 2169 200 2238 misi,
217 2170 355 2241 quamvis
368 2185 427 2227 non
440 2170 651 2229 concoxerim:
674 2172 731 2231 sed
742 2187 819 2244 non,
831 2170 858 2229 si
871 2170 1091 2230 febricitavero.

118 2250 273 2323 Sponsum
294 2251 495 2326 descendam,
518 2253 589 2326 quia
611 2253 756 2327 promisi:
785 2253 924 2314 sednon
946 2255 973 2313 si
1000 2271 1091 2329 spon·

84 2334 190 2391 tdere
215 2349 263 2391 me
287 2334 433 2394 incertum
454 2335 588 2409 iubebis,
615 2338 642 2396 si
668 2337 745 2397 fisco
772 2335 932 2410 obligabis.
970 2336 1090 2410 Subest,

116 2417 256 2491 inquam,
270 2417 361 2477 tacita
375 2420 530 2494 exceptio,
547 2422 574 2481 si
587 2427 712 2495 potero,
728 2421 755 2481 si
770 2421 904 2494 debebo,
921 2421 948 2480 si
959 2420 1039 2481 haec
1053 2422 1092 2482 ita

116 2507 213 2560 erunt.
245 2502 334 2560 elflce
350 2510 383 2562 ut
397 2503 477 2563 idem
489 2511 587 2564 status
600 2503 653 2577 sit,
677 2521 738 2579 quo
754 2505 868 2578 exigis,
885 2503 936 2578 qui
952 2505 1010 2564 luit
1026 2521 1090 2565 cum

117 2586 337 2658 promitterem:
370 2586 535 2647 destituere
561 2587 669 2647 levitas
695 2588 759 2647 erit.
801 2586 834 2646 Si
859 2585 975 2661 aliquid
1001 2589 1090 2647 inter-

117 2669 198 2726 venit
213 2670 300 2739 novi,
321 2670 394 2745 quid
410 2671 545 2744 miraris,
568 2686 636 2730 cum
652 2671 793 2732 condicio
810 2671 1012 2745 promittentis
1029 2689 1089 2730 mu·

114 2758 175 2809 tata
203 2752 256 2824 sit,
283 2760 427 2830 mutatum
454 2770 525 2813 esse
550 2754 732 2813 consilium?
758 2755 864 2814 eadem
888 2753 961 2814 mihi
990 2755 1091 2816 omnia

114 2842 238 2907 praesta
259 2843 288 2895 et
306 2838 385 2896 idem
406 2854 483 2898 sum.
516 2837 730 2897 Vadimonium
752 2837 969 2913 promittimuS,
992 2847 1090 2899 tamen

115 2919 274 2978 deseritur.
297 2922 403 2980 non‘in
420 2936 526 2980 omnes
542 2921 630 2982 datur
643 2923 737 2982 actio:
760 2922 950 2982 deserentem
965 2923 1015 2982 vis
1030 2939 1089 2980 ma·
1127 2981 1132 2987 ,

114 3002 313 3063 iorexousat.

83 3098 98 3148 1
174 3087 233 3145 XL.
259 3087 359 3146 idem
381 3087 493 3145 etiam
515 3086 585 3146 illa
604 3090 836 3162 quaestione
857 3105 1088 3164 responsum

114 3164 313 3240 existima,
340 3185 383 3227 an
411 3171 508 3228 omni
535 3172 644 3231 modo
665 3173 877 3231 reserenda
898 3173 1087 3247 sitgratia

114 3256 150 3311 e't
169 3270 213 3310 an
234 3252 471 3312 beneficium
494 3255 631 3330 utique
658 3256 895 3315 reddendum
922 3258 983 3317 sit.
1016 3257 1087 3316 Ani-

113 3351 194 3393 mum
210 3341 368 3407 praestare
382 3343 500 3409 gratum
516 3337 630 3411 debeo,
648 3346 781 3399 ceterum
796 3340 962 3414 aliquando
978 3357 1027 3399 me
1043 3357 1086 3399 re·

113 3420 191 3476 serre
207 3418 332 3490 gratiam
348 3435 406 3480 non
422 3420 534 3494 patitur
545 3438 613 3481 mea
625 3423 801 3496 infelicitas,
816 3424 982 3497 aliquando
995 3423 1085 3484 felici·
