2364 3840
277 218 327 277 DE
348 213 560 276 BENEFICHS
582 215 655 279 ΜΒ.
669 217 720 276 IV.
744 223 874 280 17—20.
1024 217 1066 283 71

89 375 203 435 nudum
227 379 257 431 et
276 371 428 430 infirmum
451 370 583 430 societas
598 370 702 430 munit.
738 369 823 429 Duas
838 371 934 448 [deus]
950 388 1000 431 res
1016 373 1069 432 de-

89 460 149 531 dit,
174 472 253 531 quae
276 456 359 514 illum
381 454 549 514 obnoxium
564 454 787 512 validissimum
806 454 956 529 lacerent,
978 457 1069 516 ratio-

89 558 161 601 nem
183 548 213 600 et
233 541 427 598 societatem:
450 539 553 612 itaque
575 536 628 612 qui
650 553 706 611 par
722 553 793 596 esse
809 539 882 597 nulli
898 549 1019 615 posset,
1044 536 1070 600 si

90 626 305 695 seduceretur,
322 637 423 681 rerum
438 622 560 695 potitur.
590 620 728 680 Societas
741 621 783 679 illi
796 623 962 683 dominium
975 625 1069 683 omni·
1082 633 1100 686 3

87 725 141 770 um
163 707 336 767 animalium
362 706 454 767 dedit.
489 705 623 764 societas
644 705 732 764 terris
754 707 888 779 genitum
907 707 938 766 in
953 709 1071 768 alienae

91 801 218 852 naturae
238 789 404 849 transmisit
424 788 584 863 imperium
608 796 637 848 et
658 789 807 849 dominari
832 791 921 850 etiam
944 793 973 851 in
995 792 1070 851 mari

91 877 190 936 iussit.
217 876 294 934 haec
316 874 491 933 morborum
508 872 628 946 inpetus
644 874 754 945 arcuit,
777 877 924 935 senectuti
942 876 1069 935 admini-

91 963 161 1021 cula
177 958 350 1034 prospexit,
374 954 483 1016 solatia
499 963 604 1015 contra
619 957 743 1016 dolores
759 958 851 1016 dedit.
881 959 957 1018 haee
973 961 1068 1019 sortes

91 1060 150 1103 nos
171 1043 257 1115 iacit,
287 1041 371 1114 quod
393 1041 462 1098 licet
483 1047 589 1099 contra
611 1041 762 1099 fortunam
784 1042 947 1102 advocare.
983 1044 1099 1102 Hanel

92 1127 271 1187 societatem
286 1126 357 1183 tolle
371 1131 401 1183 et
415 1124 559 1183 unitatem
574 1123 696 1196 generis
711 1123 850 1197 humani,
872 1143 933 1199 qua
946 1128 1007 1187 vita
1018 1144 1068 1186 su-

91 1212 235 1282 stinetur,
255 1208 389 1267 scindes.
422 1208 544 1266 tolletur
562 1214 677 1280 autem,
703 1207 728 1265 si
750 1207 863 1280 elfieis,
884 1216 917 1268 ut
931 1209 1068 1284 ingratus

91 1296 210 1354 animus
231 1308 293 1351 non
315 1307 371 1367 per
393 1307 427 1350 se
448 1291 591 1350 vitandus
614 1290 666 1361 sit,
690 1291 746 1349 sed
762 1290 833 1366 quia
849 1292 963 1365 aliquid
977 1293 1019 1352 illi
1033 1296 1067 1352 ti-

90 1378 234 1437 mendum
250 1383 306 1436 est.
330 1391 421 1448 quam
436 1374 521 1434 multi
536 1373 614 1432 enim
628 1381 713 1446 sunt,
736 1375 846 1449 quibus
859 1375 985 1449 ingratis
998 1393 1069 1436 esse

89 1461 252 1521 tutolieet‘l
268 1459 408 1533 Denique
416 1460 564 1533 ingratum
571 1474 650 1518 voco
660 1459 801 1532 quisquis
809 1465 890 1518 metu
898 1468 1002 1532 gratus
1012 1469 1067 1519 est.

153 1545 231 1603 XIX.
253 1544 336 1603 Deos
351 1559 441 1602 nemo
458 1559 553 1611 sanus
568 1544 661 1601 timet.
682 1543 767 1602 luror
783 1549 831 1602 est
842 1542 922 1601 enim
934 1550 1097 1605 metueret

89 1627 236 1687 salutaria
256 1642 313 1684 nec
337 1626 501 1700 quisquam
522 1634 602 1684 amat
624 1641 702 1699 quos
725 1627 817 1685 timet.
858 1627 902 1685 Tu
923 1625 1066 1700 denique,

88 1711 240 1784 Epicure,
264 1709 356 1767 deum
376 1709 519 1767 inermem
541 1709 631 1780 lacis,
656 1711 757 1768 omnia
776 1710 817 1768 illi
839 1711 912 1781 tela,
946 1726 1067 1770 ornnem

90 1791 252 1851 detraxisti
277 1789 444 1864 potentiam
470 1798 515 1864 et,
543 1806 581 1848 ne
604 1790 746 1863 cuiquam
769 1794 950 1852 metuendus
972 1801 1065 1868 esset,
1135 1833 1140 1837 -

90 1874 249 1952 proiecisti
270 1874 354 1932 illum
377 1880 463 1931 extra
482 1880 603 1931 metum.
638 1873 725 1932 Hunc
747 1874 835 1946 igitur
854 1876 1006 1950 inseptum
1021 1878 1095 1939 ina

90 1958 173 2035 genti
190 1957 314 2033 quidem
329 1963 358 2015 et
376 1955 580 2029 inexplicabili
592 1972 677 2015 muro
691 1955 884 2030 divisumque
897 1975 914 2016 a
927 1967 1068 2019 contactu

88 2050 120 2103 et
133 2060 151 2101 a
163 2049 334 2117 conspectu
344 2039 516 2101 mortalium
527 2055 588 2098 non
600 2039 697 2098 habes
710 2055 804 2113 quare
816 2042 966 2100 verearis:
985 2043 1068 2101 nulla

86 2127 130 2188 ibi
147 2142 202 2185 neo
218 2125 370 2185 tribuendi
384 2139 441 2184 nec
456 2123 588 2183 nocendi
603 2124 728 2182 materia
742 2130 798 2182 est.
820 2122 850 2181 in
863 2125 964 2194 medio
976 2126 1067 2184 inter-

88 2213 171 2270 vallo
192 2210 283 2269 huius
299 2217 329 2269 et
350 2209 472 2268 alterius
494 2208 572 2267 coeli
588 2208 730 2266 desertus
754 2205 821 2265 sine
841 2208 977 2282 animali,
1000 2210 1067 2268 sine

87 2293 227 2366 homine,
251 2293 317 2352 sine
338 2307 371 2350 re
391 2290 496 2351 ruinas
515 2291 697 2350 mundorum
713 2306 808 2364 supra
824 2307 858 2351 se
873 2292 1016 2367 circaque
1032 2309 1067 2352 se

88 2376 266 2435 cadentium
280 2376 373 2434 evitat
387 2392 447 2435 non
464 2373 633 2434 exaudiens
649 2381 721 2434 vota
734 2391 792 2434 nee
806 2376 902 2436 nostri
914 2377 1065 2437 curiosus

89 2458 187 2532 Atqui
208 2457 289 2517 hune
311 2459 356 2516 vis
378 2457 475 2517 videri
497 2458 598 2518 colere
618 2474 679 2517 non
701 2458 786 2517 aliter
802 2476 893 2533 quam
909 2467 1095 2535 parentem3

89 2548 193 2617 grato,
221 2548 254 2601 ut
276 2543 400 2616 opinor,
423 2543 539 2601 animo:
565 2549 616 2600 aut
637 2542 745 2601 sinon
767 2543 814 2601 vis
837 2542 932 2601 videri
950 2552 1065 2618 gratus

91 2626 165 2700 quia
180 2627 294 2684 nullum
310 2625 405 2684 habes
422 2624 502 2684 illius
517 2623 712 2696 beneficium,
736 2625 793 2684 sed
804 2631 834 2684 te
846 2626 937 2685 atomi
950 2635 979 2687 et
989 2629 1066 2687 istae

89 2709 189 2768 micae
210 2716 280 2768 tuae
301 2710 379 2768 sorte
399 2723 435 2766 ae
456 2715 570 2766 temere
590 2707 866 2781 conglobaverunt,
891 2725 945 2768 eur
968 2710 1066 2771 colis?

89 2793 240 2866 „Propter
253 2793 456 2864 maiestatem,
476 2789 593 2864 inquis,
618 2791 684 2850 eius
706 2791 846 2851 eximiam
868 2793 1095 2866 singularem-4

89 2891 153 2949 que
167 2880 336 2933 naturam.“
369 2875 410 2934 Ut
424 2874 591 2935 concedam
604 2873 673 2932 tibi:
695 2889 806 2949 nempe
822 2875 882 2935 hoo
893 2877 969 2935 lacis
982 2877 1065 2937 nullo

90 2958 190 3033 pretio
205 2956 362 3031 inductus,
385 2957 467 3016 nulla
483 2973 548 3031 spe.
584 2963 631 3016 est
646 2972 719 3030 ergo
732 2956 844 3032 aliquid
857 2975 913 3033 per
925 2976 960 3019 se
972 2977 1066 3033 expe-

89 3042 231 3112 tendum,
260 3041 346 3100 cuius
368 3047 399 3100 te
422 3040 491 3114 ipsa
512 3040 644 3113 dignitas
666 3040 763 3101 ducit=
784 3043 816 3101 id
832 3050 879 3102 est
892 3043 1065 3104 honestum.

90 3125 168 3197 Quid
191 3131 238 3183 est
254 3132 354 3183 autem
369 3123 527 3183 honestius
545 3140 635 3197 quam
650 3132 766 3197 gratum
781 3133 873 3185 esse?
900 3127 990 3187 huius
1006 3127 1065 3185 vir-

90 3208 163 3267 tutis
178 3209 304 3267 materia
317 3214 378 3267 tam
393 3208 451 3266 late
468 3212 550 3281 putet
566 3224 655 3282 quam
670 3208 740 3267 vita.

153 3291 216 3350 XX.
242 3290 325 3364 „Sed
347 3290 440 3362 inest,
461 3289 573 3365 inquit,
596 3291 667 3350 huic
683 3292 764 3351 bono
781 3293 869 3351 etiam
884 3290 997 3351 utilitas
1012 3292 1093 3354 oli-l

91 3378 183 3447 qua.“
219 3375 272 3434 Cui
288 3375 366 3433 enim
383 3373 483 3432 virtuti
499 3390 559 3433 non
574 3374 675 3434 inest?
703 3375 759 3434 sed
774 3377 806 3434 id
821 3382 947 3450 propter
962 3391 997 3432 se
1012 3390 1065 3432 ex-

91 3458 153 3532 peti
169 3457 291 3532 dicitur,
312 3458 411 3534 quod,
432 3458 571 3530 quamvis
586 3458 697 3518 habeat
712 3459 815 3530 aliqua
830 3466 917 3518 extra
932 3472 1065 3515 eommo-
