2364 3840
156 159 219 223 272
434 158 467 216 L.
488 157 635 217 nunaut
657 156 832 217 SENECAE

158 314 232 376 tium
249 314 337 372 ferar.
359 310 432 370 nihil
450 312 575 370 interest
588 325 671 383 mea,
689 319 820 385 quantus
836 311 919 371 circa
931 320 1062 374 mortem
1076 329 1135 375 me

116 411 204 462 lbani
225 397 369 457 tumuitus
392 396 445 454 sit=
475 396 545 469 ipsu
564 394 681 469 ubique
700 395 885 455 tantumdem
908 403 966 457 cst.
1006 396 1135 459 Proinde

157 497 300 557 magnum
315 495 472 539 sumamus
487 477 619 539 animum
634 478 786 538 adversus
801 479 891 541 istam
905 480 1042 555 cladem,
1059 497 1135 556 quae

158 582 216 627 nec
237 564 341 624 evitari
363 578 420 622 nee
442 563 596 637 provideri
617 569 735 637 potest,
763 562 1006 638 desinamuaque
1031 566 1136 626 audire

158 653 251 721 istos,
274 644 329 723 'qni
352 647 536 721 canipanioe
559 647 809 707 renuntiaverunt
828 646 942 722 quique
964 649 1136 722 posthunc

160 750 265 794 casnm
287 730 513 805 emigraverunt
532 738 706 806 negantque
729 730 818 806 ipsos
839 746 985 806 umquam
1005 730 1037 792 in
1058 735 1136 793 ittam

158 819 316 892 regionem
330 830 529 875 accessuros:
553 815 623 888 quis
639 817 718 874 enim
732 815 791 875 iilis
803 814 950 890 promittit
960 816 1136 878 melioribus

118 898 363 961 ltiundamentis
384 898 444 958 hoc
466 904 517 957 aut
531 898 605 957 illud
623 900 722 958 sotum
738 904 841 960 staret
877 898 985 959 Omnia
999 899 1135 961 eiusdem

159 985 251 1044 sortis
273 988 403 1055 suntet,
434 982 616 1043 sinendum
639 989 737 1056 mota,
767 989 866 1044 tamen
892 981 1033 1043 mobilia:
1058 984 1136 1045 huuc

159 1066 316 1137 fortassis,
338 1064 369 1125 in
385 1083 446 1140 qun
462 1066 601 1126 securius
618 1067 778 1139 consistis,
801 1067 904 1127 iocum
918 1066 997 1127 haee
1011 1084 1075 1128 nox
1088 1076 1137 1127 aut

158 1152 208 1212 hie
229 1158 298 1211 ante
315 1159 436 1210 noctem
451 1150 518 1211 dies
534 1151 661 1211 scindet.
697 1149 788 1209 Unde
802 1151 899 1222 scias,
920 1164 960 1209 un
977 1157 1060 1224 [non]
1076 1167 1135 1211 me·

159 1237 216 1296 lior
229 1251 333 1296 eorum
351 1236 487 1295 iocorum
502 1235 642 1294 condicio
655 1234 708 1305 sit,
729 1235 758 1293 iu
772 1234 885 1309 quibus
895 1233 957 1293 iam
970 1235 1053 1296 viras
1063 1250 1136 1295 suas

160 1321 280 1381 fortuna
301 1319 493 1393 consumpsit
514 1325 544 1378 et
565 1333 645 1392 quae
666 1317 695 1376 iu
717 1318 850 1377 futurum
870 1318 960 1377 ruina
979 1334 1041 1379 sua
1065 1320 1138 1379 inita

121 1410 251 1466 tusuutt
273 1418 410 1462 erramus
426 1403 521 1474 enim,
542 1402 569 1462 si
583 1402 676 1461 ullam
687 1409 835 1461 terrarum
848 1410 967 1476 partem
976 1409 1137 1478 exceptam

160 1489 376 1560 inmunemque
398 1485 436 1544 ab
457 1485 517 1543 hoc
538 1485 673 1559 periculo
695 1484 863 1546 credimus:
889 1500 999 1547 omnes
1014 1487 1073 1547 sub
1088 1502 1136 1545 ea-

161 1572 228 1630 dem
245 1572 345 1628 iacent
359 1570 435 1642 lege.
457 1569 529 1627 nihii
545 1570 599 1639 ita,
623 1576 655 1628 ut
669 1567 814 1628 inmobile
828 1576 927 1642 esset,
942 1578 1054 1631 natura
1067 1586 1136 1631 eou-

161 1654 251 1727 cepit.
282 1653 342 1711 alia
362 1650 551 1725 temporibus
574 1650 641 1712 aliis
663 1653 775 1712 cadunt
789 1660 820 1712 et
834 1653 1096 1727 quemadmodum
1109 1653 1136 1711 in

160 1737 287 1796 urbibus
303 1736 421 1809 magnis
437 1752 517 1795 nunc
531 1736 607 1795 haec
623 1736 749 1808 domus,
772 1752 852 1797 nunc
866 1737 918 1797 iila
929 1738 1137 1812 suspenditur,

159 1820 200 1880 ita
215 1820 244 1879 in
256 1819 316 1879 hoc
328 1820 403 1879 orbe
413 1827 560 1880 terrarum
573 1835 653 1879 nunc
665 1819 741 1879 haee
754 1836 825 1894 pars
839 1818 911 1879 iacit
920 1821 1043 1895 vitium,
1059 1838 1137 1883 nune

119 1910 152 1965 13
159 1904 219 1963 iiia.
253 1904 353 1981 Tyros
368 1903 532 1977 aliquando
548 1903 669 1962 iniamis
680 1904 775 1963 ruinis
790 1903 853 1964 tuit.
885 1902 965 1964 Asia
974 1904 1137 1966 duodecim

160 1989 253 2048 urbes
269 1989 356 2047 simui
373 1988 513 2062 perdidit.
536 2003 616 2046 anno
632 1986 733 2060 priore
749 1987 778 2045 in
795 1986 943 2047 Achaiam
953 1996 985 2048 et
994 1988 1136 2049 Macedo-

161 2073 240 2131 niani
263 2087 475 2146 quaecumque
497 2078 545 2130 est
564 2071 623 2129 ista
641 2070 689 2129 vis
710 2071 781 2129 mati
802 2070 942 2145 incurrit,
965 2089 1046 2146 quae
1059 2088 1136 2133 nunc

161 2153 355 2229 Campaniam
374 2155 477 2214 laesit:
500 2152 606 2213 circuit
626 2153 733 2227 iatum,
753 2161 785 2214 et
799 2154 826 2213 si
843 2152 990 2229 quiddiu
1002 2158 1136 2231 ,praeter-

160 2237 206 2309 iit,
229 2238 347 2312 repetit.
372 2237 523 2310 quaedam
542 2236 641 2295 rarius
660 2236 815 2310 sollicitat,
833 2238 960 2313 saepius
973 2241 1136 2313 quaedam

119 2319 233 2382 14nihit
255 2319 379 2380 inmune
399 2335 470 2379 esse
490 2327 520 2379 et
540 2319 697 2380 innoxium
719 2321 800 2381 sinit.
835 2321 902 2382 Nou
917 2320 1061 2385 homiues
1075 2332 1135 2385 uin

161 2413 240 2477 tum,
263 2403 315 2478 qui
334 2404 437 2463 brevis
457 2404 621 2463 etcaduca
639 2420 690 2464 res
708 2405 871 2478 nascimur,
892 2405 988 2466 nrbes
1004 2421 1137 2482 oraeque

159 2497 305 2548 terrarum
328 2495 358 2547 et
377 2487 466 2548 litora
480 2496 510 2547 et
524 2488 624 2562 ipsum
639 2489 766 2548 marein
783 2489 960 2549 servitutem
975 2490 1030 2551 rau
1044 2490 1135 2551 venit.

161 2589 218 2633 nos
240 2581 339 2633 tamen
362 2572 452 2632 nobis
471 2587 669 2647 permansura
685 2571 886 2646 promittimus
900 2571 987 2633 bona
999 2574 1136 2635 turtuuae

161 2665 191 2715 et
212 2658 399 2726 felicitatem,
425 2657 512 2716 cuius
528 2671 568 2715 ex
585 2655 725 2716 omnibus
739 2656 833 2716 rebus
849 2654 993 2719 humanis
1008 2658 1135 2719 velocis·

161 2739 239 2799 sima
259 2748 307 2800 est
326 2741 450 2814 levitas,
472 2739 642 2800 habituram
662 2740 693 2798 in
713 2740 816 2814 aliquo
831 2738 956 2814 pondus
971 2754 1010 2801 ac
1023 2755 1134 2803 moram

120 2833 153 2883 15
162 2822 329 2896 credimus,
352 2831 382 2882 et
396 2831 546 2898 perpetua
561 2823 619 2883 sibi
638 2823 739 2884 omnia
753 2821 998 2898 promittentibus
1012 2824 1045 2885 ia
1059 2840 1130 2885 meo-

161 2912 221 2964 tem
235 2921 296 2964 non
312 2906 407 2980 venit,
429 2908 459 2966 id
475 2908 590 2982 ipsum,
606 2923 701 2981 supra
712 2907 796 2981 quod
808 2913 940 2979 stamus,
957 2908 1070 2969 stabile
1080 2923 1133 2969 uon

162 3003 243 3046 esse.
266 3003 367 3060 neque
379 2988 458 3048 enim
467 2990 648 3066 Campaniae
660 2992 741 3050 istud
753 2989 956 3065 autthaiae‚
968 2992 1030 3053 aed
1042 2992 1133 3055 omnis

163 3068 221 3129 soti
235 3070 338 3129 vitium
354 3078 415 3144 est,
437 3074 515 3133 maie
532 3073 696 3134 cohaerere
710 3082 742 3135 ct
756 3090 795 3133 ex
809 3074 949 3149 pluribus
967 3078 1074 3139 causis
1088 3090 1132 3137 ra-

163 3152 243 3211 solvi
258 3159 288 3211 et
303 3169 421 3212 summa
436 3171 573 3230 manere,
598 3157 734 3232 partibus
746 3173 845 3218 ruere.

137 3245 149 3296 l
226 3237 262 3294 ΙΙ.
293 3235 371 3308 Quid
391 3245 471 3311 agot
498 3242 640 3301 solatium
660 3242 810 3303 adversus
832 3241 971 3317 pericula
984 3259 1056 3305 rara
1068 3256 1132 3319 pro·

164 3318 320 3379 miseram:
337 3334 410 3380 ecce
421 3321 556 3398 undique
567 3322 701 3385 timenda
711 3327 866 3386 denuntio.
882 3342 965 3402 nego
976 3327 1132 3402 quicquan

163 3419 236 3463 esse
261 3401 371 3477 quietis
396 3411 553 3480 aeternae,
583 3409 665 3481 quod
694 3410 795 3484 parire
818 3408 919 3485 possit
943 3419 976 3472 et
999 3409 1131 3487 perdere
