2364 3840
116 188 179 251 266
415 189 458 247 t.-
471 183 617 248 ANNAEI
640 188 816 248 SENECAE

117 348 232 400 notus
248 348 310 400 eat:
328 339 586 409 deindcnolus‚
610 338 858 399 latineauster.
882 336 996 400 deiude
1017 342 1094 402 leu-

118 431 301 498 conotus,
326 424 377 497 qui
393 424 475 497 apud
492 439 549 483 nos
565 421 631 484 sine
646 422 767 483 nomine
782 429 840 482 εει.

88 518 103 568 1
179 508 272 568 XVll.
305 507 435 567 Placet
462 515 561 566 autem
590 505 796 566 duodecim
823 513 962 567 ventos
988 522 1096 583 esse,

117 609 177 651 non
198 592 270 666 quia
286 591 401 665 ubique
415 597 459 650 tot
473 590 548 664 sint,
571 589 723 665 quosdam
737 588 817 648 enim
832 590 987 650 inclinatio
1003 600 1096 651 terra-

116 692 182 735 rum
199 674 348 747 excludit,
371 674 624 748 sedquoniam
642 674 982 748 nusquamplures
999 682 1096 735 sunt.

117 760 162 819 sic
183 775 275 818 casus
298 772 353 817 sex
376 756 521 831 dicimus,
544 773 605 816 non
621 757 693 831 quia
708 772 798 817 omne
813 772 925 818 nomen
942 772 1000 819 sex
1021 758 1096 819 reci·

86 843 173 917 zpit,
201 842 257 901 sad
279 841 486 915 quianullum
509 842 613 914 plnres
636 856 726 914 quam
747 855 813 898 sex.
852 839 910 914 Qui
933 840 1095 902 duodecim

115 931 225 984 ventos
247 939 319 983 esse
341 921 496 997 dixerunt,
520 923 580 984 hoc
601 923 698 984 secuti
714 930 798 997 sunt,
820 924 984 1007 totidem
1006 942 1095 985 ven·

116 1015 177 1068 tos
197 1023 285 1067 esse
308 1013 402 1082 quot
424 1008 524 1067 coeli
547 1005 786 1067 discrimina.
819 1008 938 1068 coelum
956 1010 1096 1069 enimdi-

115 1092 227 1151 viditur
241 1091 270 1149 in
287 1091 419 1150 circulos
435 1091 585 1167 quinque,
606 1091 657 1164 qui
670 1107 726 1165 per
735 1091 841 1151 mundi
853 1092 997 1153 cardines
1009 1101 1095 1154 eunt:

115 1183 163 1236 εει
178 1173 449 1250 septemtrionalis,
465 1182 513 1236 est
528 1175 777 1249 aequinoctialis,
794 1183 842 1235 εει
854 1172 1034 1253 solstitialis,
1050 1184 1097 1236 est

115 1259 275 1333 brumalis,
298 1268 346 1320 εει
361 1260 531 1319 contrarius
547 1257 797 1332 septemtrionali.
820 1258 868 1319 his
884 1266 993 1320 sextus
1010 1274 1096 1320 acce

115 1341 172 1416 dit,
197 1343 249 1417 qui
270 1342 461 1418 superiorem
483 1350 598 1417 partem
614 1342 718 1400 mundi
733 1341 772 1401 ah
786 1338 932 1402 inferiore
946 1345 1095 1404 secernit=

114 1433 146 1485 ut
161 1427 223 1486 scis
239 1427 334 1497 enim,
356 1427 480 1486 dimidia
496 1442 568 1500 pars
583 1424 689 1484 mundi
703 1440 827 1500 semper
841 1441 952 1501 supra,
971 1426 1096 1487 dimidia

87 1509 194 1569 uintra
209 1516 265 1568 εει.
301 1510 388 1569 Hanc
403 1510 529 1581 lineam,
553 1524 633 1582 quae
647 1509 725 1568 inter
737 1515 844 1583 aperta
860 1516 890 1569 et
903 1511 1026 1570 occulta
1041 1517 1094 1582 εει,
1110 1533 1113 1540 ·

114 1593 146 1652 id
166 1600 213 1652 est
232 1593 314 1652 huno
332 1591 477 1651 circulum
494 1591 602 1652 Graeci
622 1592 829 1653 horizonta
843 1601 978 1667 nocant,
1000 1595 1095 1655 nostri

115 1676 311 1735 finitorem
337 1676 495 1746 dixerunt,
518 1676 567 1734 alii
590 1674 803 1735 linientem.
840 1674 1032 1739 Adiciendus
1049 1684 1097 1738 est

114 1759 214 1818 adhuc
236 1758 423 1820 meridianus
445 1761 590 1833 circulus,
614 1759 665 1833 qui
686 1759 846 1819 horizonta
865 1761 960 1819 rectis
975 1756 1094 1837 angulis

114 1848 207 1902 secat.
244 1842 292 1901 Ex
311 1841 359 1902 his
383 1843 505 1918 quidam
528 1841 633 1903 circuli
657 1843 687 1901 in
712 1848 891 1904 transversa
916 1853 1043 1905 currunt
1066 1850 1096 1903 ει

113 1928 192 1987 alios
206 1927 377 1987 interventu
393 1944 450 1987 suo
467 1926 619 1988 scindunt.
641 1941 772 1986 necesse
784 1933 832 1987 εει
843 1932 946 1987 autem
957 1935 1004 1989 tot
1015 1928 1093 1988 aeris

84 2006 289 2070 4discrimina
309 2026 387 2070 esse·
402 2019 477 2086 quot
499 2018 611 2085 partes.
653 2009 735 2085 Ergo
757 2008 884 2070 horizon
901 2010 970 2070 sive
984 2010 1093 2073 finiens

113 2096 245 2154 circulus
263 2095 398 2169 quinque
413 2096 484 2155 illos
499 2095 605 2168 orbes,
625 2110 705 2169 quos
722 2094 813 2154 modo
828 2094 893 2153 dixi
907 2092 992 2170 fieri,
1007 2102 1092 2156 secat

113 2186 144 2236 ει
157 2168 251 2236 atficlt'
266 2177 373 2235 decem
389 2186 506 2251 partes,
529 2179 664 2252 quinque
680 2177 718 2236 ab
737 2184 818 2250 ortu,
841 2176 980 2252 quinque
991 2179 1092 2240 abac·

114 2276 198 2319 casu.
220 2257 405 2319 meridianus
428 2259 574 2333 circulus,
598 2261 649 2335 qui
665 2261 694 2319 in
712 2259 871 2321 horizonta
883 2259 1026 2335 incurrit,
1047 2279 1091 2321 re·

112 2343 222 2417 ginnas
243 2343 320 2402 duas
342 2342 447 2402 adicit:
474 2341 519 2404 sic
541 2343 704 2404 duodecim
719 2360 773 2404 aer
787 2342 966 2404 discrimina
982 2344 1093 2421 accipit

84 2428 143 2486 oet
162 2427 288 2489 totidem
311 2425 516 2488 iacitventos.
553 2427 709 2500 Quidam
729 2433 820 2489 sunt
841 2429 1091 2504 quorumdam

112 2513 288 2572 locorum
312 2512 478 2586 proprii,
502 2512 628 2586 quinon
644 2513 862 2586 transmittunt,
877 2512 977 2572 sedin
990 2512 1091 2587 proxi·

112 2613 195 2656 mum
209 2598 319 2656 lerunt.
342 2611 403 2655 non
418 2602 466 2654 εει
480 2595 538 2655 ἰιιίε
553 2611 572 2654 a
585 2597 679 2655 latere
691 2596 827 2655 universi
839 2595 944 2656 mundi
955 2596 1090 2670 inpetus=

112 2681 263 2741 Atabulus
286 2679 428 2754 Apuliam
452 2677 590 2751 infestat,
619 2678 788 2739 Calabriam
812 2678 926 2757 Iapyx,
953 2678 1089 2739 Athenas

113 2762 237 2836 Sciron,
259 2763 469 2840 Pamphyliam
490 2763 639 2838 calmae,
663 2762 788 2822 Galliam
811 2762 942 2822 circius:
972 2763 1023 2823 cui
1042 2777 1089 2823 aa·

114 2845 216 2904 dificia
237 2847 397 2919 quassanti
417 2854 517 2906 tamen
539 2847 659 2906 incolae
678 2848 917 2921 gratias-agunt,
935 2852 1089 2922 tamquam

113 2927 320 2988 salubritatem
341 2930 418 2990 coeli
440 2929 487 2990 sni
508 2931 641 2990 debeant
660 2931 698 2990 ei.
726 2930 817 2991 divus
835 2937 918 2990 certe
930 2930 1090 3005 Augustus

112 3011 257 3084 templum
278 3012 334 3084 illi,
364 3029 433 3072 cum
453 3014 482 3072 ln
506 3013 602 3074 Gallia
618 3021 800 3088 moraretur,
821 3020 851 3073 ει
864 3011 952 3075 vovit
965 3010 997 3075 ει
1012 3014 1090 3074 lecit.

112 3093 263 3153 inlinitum
278 3101 340 3165 est,
360 3095 386 3154 si
401 3097 540 3170 singulos
551 3095 641 3157 velim
655 3098 811 3172 persequi.
833 3098 916 3158 nulla
926 3097 1011 3158 enim
1021 3113 1090 3173 pro·

112 3177 278 3252 pemodum
298 3177 383 3251 regio
401 3185 462 3251 est,
486 3195 566 3253 quae
581 3197 642 3241 non
658 3179 769 3241 habeat
782 3176 915 3257 aliquem
931 3179 1037 3243 ilatum
1052 3194 1091 3240 ex

113 3276 148 3320 se
163 3268 337 3321 nascentem
353 3268 383 3320 et
398 3263 479 3320 circa
494 3278 528 3321 se
544 3265 713 3324 cadentem.

173 3345 280 3404 XVlll.
303 3345 407 3404 lnter
427 3352 559 3405 cetera
580 3348 683 3423 itaque
700 3345 977 3423 providentiae
999 3361 1090 3423 ope·

111 3444 152 3487 ra
174 3427 246 3489 hoo
270 3445 424 3505 quoque
446 3430 592 3504 aliquis
620 3438 659 3491 ut
680 3431 833 3506 dignum
862 3430 1091 3492 admiratio·
