2364 3840
265 200 408 260 NATUR.
424 197 586 272 QUAEST.
607 198 681 258 Ltss.
693 200 730 257 v.
755 207 884 260 12—14.
1005 197 1069 262 aba

87 354 241 429 inpulsum
262 355 335 411 aera
354 351 385 410 in
407 350 482 410 alias
498 367 622 425 quoque
642 357 745 423 partes
762 365 853 424 quam
868 350 899 409 in
914 367 992 425 quas
1007 349 1068 426 ipsi

85 437 287 507 inclinavere,
308 435 498 510 dispergunt.
535 433 612 493 lllud
625 448 750 507 quoque
763 433 877 507 dicam,
897 435 980 508 quod
996 435 1068 494 mihi

87 520 236 581 occurrit:
255 518 512 593 quomadmodum
525 516 686 589 stillicidia,
700 515 840 590 quamvis
853 517 911 576 iam
925 518 1069 578 inclinent

87 620 123 664 se
145 602 343 676 allabuntur,
369 601 505 661 nondum
527 601 650 659 efficere
670 602 806 674 lapsum,
830 601 885 660 sed
907 602 958 660 ubi
979 602 1069 676 plura

88 688 191 748 coiere
212 694 242 746 et
260 687 349 746 turba
367 683 450 744 vires
471 685 569 757 dedit,
596 691 667 744 tunc
688 683 785 744 fluere
802 691 833 743 et
853 684 897 744 ire
913 686 1067 746 dicuntur:

88 770 133 832 sic
148 769 293 844 quamdiu
308 770 393 829 leves
409 773 482 827 sunt
496 769 576 827 airis
591 776 692 827 motus
708 767 811 842 agitati
828 768 966 842 pluribus
981 768 1067 844 locis,

87 855 223 914 nondum
243 861 355 912 ventus
378 858 433 912 est.
463 859 534 911 tunc
556 868 628 912 εεεε
647 852 767 926 incipit,
792 867 859 928 curn
877 869 983 911 omnes
998 853 1066 913 illos

88 937 209 997 miscuit
229 944 259 996 et
280 937 310 994 in
333 952 427 995 unum
448 934 583 1009 inpetum
606 936 740 996 contulit.
720 923 927 1011 tsplritum
943 953 960 996 a
975 944 1066 996 vento

87 1020 199 1081 modus
221 1027 360 1093 separat
389 1019 561 1079 vehement'
542 1026 601 1078 tror
623 1017 702 1077 enim
729 1019 853 1093 spiritus
878 1026 989 1080 ventus
1011 1028 1066 1095 est,

87 1102 217 1164 invicem
233 1104 359 1177 spiritus
376 1104 482 1162 leniter
497 1101 596 1161 fluens
613 1117 674 1160 aer.

150 1187 229 1246 XIV.
258 1187 443 1260 Repetam
465 1202 576 1259 nunc,
607 1186 708 1260 quod
731 1183 854 1260 primo
879 1186 1097 1263 dixeram,1

88 1270 149 1330 edi
169 1286 187 1330 e
208 1285 329 1344 specu
351 1276 492 1329 ventos
513 1285 760 1342 recessuque
782 1268 974 1329 interiore
996 1277 1067 1330 ter·

87 1369 223 1413 rarum.
256 1353 322 1411 Non
344 1359 408 1412 tota
429 1353 528 1413 solido
553 1359 697 1412 contextu
717 1352 841 1412 terrain
858 1352 950 1412 imum
967 1370 1067 1429 usque

87 1438 239 1511 fundatur,
263 1436 319 1496 sed
334 1437 435 1496 multis
451 1437 588 1512 partibus
604 1451 679 1497 cava

335 1528 365 1581 et
377 1525 474 1582 coecis
487 1537 630 1595 suspensa
644 1522 773 1581 latebris.

88 1605 195 1678 [aliubi
205 1608 290 1680 aquis
297 1609 421 1682 plectat,
445 1605 537 1664 aliubi
551 1604 642 1663 habet
656 1603 759 1664 inania
775 1602 841 1664 sine
856 1603 994 1664 humore.
1024 1604 1097 1670 lbia

87 1689 206 1748 etiamsi
227 1690 310 1748 nulla
324 1689 378 1747 lux
393 1688 557 1747 discrimen
572 1689 652 1747 aiiris
668 1695 830 1761 monstrat,
854 1688 953 1748 dicam
968 1694 1069 1749 tamen

88 1771 188 1833 nubes
202 1773 396 1846 nebulasque
412 1774 443 1831 in
456 1771 588 1831 obscuro
601 1773 780 1831 consistere.
804 1789 874 1831 narn
886 1789 925 1832 ne
937 1772 1069 1847 hacqui-

88 1855 158 1916 dem
180 1871 274 1930 super
294 1863 407 1928 terraS,
437 1855 508 1929 quia
529 1855 686 1925 videntur,
710 1861 795 1926 sunt,
819 1855 875 1914 sed
898 1857 969 1929 quia
989 1865 1069 1931 sunt,

87 1938 240 2000 videntur.
264 1939 324 1998 illic
338 1955 465 2014 quoque
481 1938 574 1998 nihilo
591 1937 690 1997 minus
707 1937 746 1997 ob
762 1938 793 1996 id
809 1944 894 2010 sunt,
912 1938 995 2012 quod
1007 1955 1068 1999 non

87 2023 239 2083 videntur.
272 2021 410 2082 flumina
430 2020 491 2080 illie
513 2022 594 2081 scias
615 2020 686 2081 licet
705 2020 819 2081 nostris
836 2019 922 2096 paria
940 2021 1068 2096 sublabi,

88 2107 148 2166 alia
163 2104 271 2165 leniter
287 2107 392 2180 ducta,
416 2105 475 2164 alia
489 2106 519 2163 in
535 2104 729 2179 confragosis
745 2105 821 2165 loeis
838 2105 1069 2179 praecipitando

88 2190 240 2250 sonantia.¹
272 2189 349 2263 Quid
362 2196 457 2263 ergot
478 2203 540 2247 non
552 2188 627 2249 illud
638 2204 738 2264 aeque
751 2189 848 2262 dabis
865 2204 936 2249 esse
948 2188 1070 2264 aliquos

88 2280 120 2335 et
135 2274 288 2333 subterra
303 2275 388 2333 lacus
404 2280 434 2332 et
449 2273 597 2347 quasdam
615 2290 712 2348 aquas
728 2273 795 2333 sine
807 2272 891 2334 exitu
907 2280 1071 2348 stagnaret

89 2357 173 2431 Quae
195 2358 222 2416 si
244 2358 284 2418 lta
302 2365 386 2428 sunt,
409 2371 540 2416 neeesse
555 2363 603 2416 est
618 2366 648 2417 et
661 2357 751 2430 illud,
775 2361 847 2416 abra
862 2358 981 2417 onerari
996 2363 1098 2418 one-3

86 2447 251 2517 ratumque
272 2440 447 2500 incumbere
468 2448 498 2498 et
517 2448 640 2500 ventum
663 2440 813 2515 propulsu
831 2456 889 2499 suo
905 2440 1068 2500 concitare.

86 2525 136 2584 Ex
155 2525 214 2585 illis
236 2540 310 2598 ergo
333 2524 540 2585 subterraneis
562 2523 692 2584 nubibus
718 2524 851 2583 sciemus
870 2520 976 2582 nutriri
992 2524 1069 2583 inter

89 2608 223 2668 obscura
239 2607 345 2681 llatuS,
368 2609 441 2668 dum
455 2613 571 2667 tantum
585 2608 693 2667 virium
713 2607 865 2679 fecerunt,
889 2613 1002 2680 quanto
1018 2613 1070 2667 aut

88 2699 190 2751 terrac
211 2690 363 2752 obstantia
384 2693 525 2751 auferant
539 2698 591 2751 aut
607 2690 732 2766 aliquod
747 2695 884 2764 apertum
900 2689 938 2747 ad
952 2689 1009 2748 fros
1025 2690 1068 2748 ef-

89 2773 182 2835 flatus
202 2777 259 2835 iter
280 2783 432 2851 occupent
448 2781 477 2835 et
495 2774 642 2849 perhanc
659 2789 822 2834 cavernam
836 2772 866 2832 in
881 2780 1004 2832 nostras
1020 2788 1068 2834 se·

89 2859 147 2918 des
162 2857 337 2920 efferantur.
373 2860 448 2918 lllud
465 2873 539 2917 vero
556 2857 748 2918 manifestum
764 2866 825 2931 est,
845 2872 984 2931 magnam
998 2864 1098 2918 esset

89 2941 149 3002 sub
164 2941 253 3003 terris
265 2941 327 3002 vim
339 2941 496 3018 sulphuris
509 2948 538 3000 et
549 2943 678 3002 aliorum
690 2959 750 3002 non
763 2943 863 3001 minus
875 2940 975 3015 ignem
988 2941 1070 3000 alen-

89 3026 173 3087 tium.
196 3042 252 3101 per
265 3027 342 3086 haec
361 3028 429 3086 loca
444 3042 512 3085 cum
528 3042 562 3085 se
578 3027 689 3086 exitum
706 3041 856 3102 quaerens
873 3025 997 3100 spiritus
1008 3032 1069 3083 tor.-

91 3108 145 3181 sit‚
167 3111 316 3170 accendat
332 3109 484 3170 flammam
499 3110 569 3183 ipso
586 3110 717 3170 adfrictu
732 3125 861 3169 necesse
876 3116 936 3169 est:
959 3106 1070 3167 deinde

89 3190 222 3252 flammis
243 3194 335 3254 latius
356 3193 448 3266 fusis,
471 3193 588 3252 etiamsi
611 3194 685 3267 quid
703 3192 805 3267 ignavi
820 3192 900 3252 aeris
916 3198 995 3263 erat,
1016 3205 1070 3249 ex·

89 3282 243 3336 tenuatum
265 3276 382 3337 moveri
397 3285 428 3336 et
445 3278 524 3336 viam
540 3293 608 3335 curn
623 3274 743 3336 fremitu
756 3283 844 3335 vasto
860 3282 952 3348 atque
967 3275 1071 3347 inpetu

91 3374 250 3433 quaerere.
287 3359 349 3420 Sed
365 3361 441 3419 haec
457 3360 632 3435 diligentius
648 3375 826 3435 persequar,
844 3374 912 3418 cum
925 3371 1070 3430 quaeram

91 3441 131 3502 de
146 3444 278 3505 motibus
293 3451 403 3504 terrae.
