2364 3840
158 205 180 268 4
442 205 476 262 L.
498 203 645 263 ANNAEI
668 201 843 262 SENECAE

159 356 274 431 mitiget
294 364 323 416 et
343 356 372 415 in
392 370 526 414 amorem
542 353 589 412 sui
604 360 715 412 vertat:
739 354 860 412 leonum
876 368 932 412 ora
946 368 965 411 a
979 353 1137 429 magistris

160 441 274 517 inpune
289 446 464 498 tractantur.
496 437 726 512 elephantorum
743 435 890 495 feritatem
906 452 1010 512 usque
1025 438 1059 497 in
1074 455 1137 498 ser·

159 526 218 584 vile
234 523 369 583 oldcium
384 522 556 580 demeretur
571 520 674 580 cibus=
697 519 775 578 adeo
791 520 882 579 etiarn
898 535 978 594 quae
989 528 1081 582 extra
1095 524 1138 581 in-

159 609 312 670 tellectum
327 611 419 678 atquo
430 602 672 662 aestimationem
684 602 825 661 beneficii
841 604 942 677 posita
953 613 1039 678 sunt,
1056 606 1138 665 adsi·

91 697 97 709 ‘
160 692 260 751 duitas
275 696 375 748 tamen
395 687 492 746 meriti
513 685 676 761 pertinacis
697 686 817 745 evincit.
853 687 993 760 Ingratus
1013 696 1064 748 est
1085 689 1136 749 ad·

160 790 271 833 versus
292 788 386 830 unum
410 770 607 829 beneficium=
647 770 797 828 adversus
823 771 950 830 alterum
977 787 1043 831 non
1071 773 1136 832 erit

161 860 292 918 duorum
307 854 418 914 oblitus
441 860 502 912 est:
530 851 651 912 tertium
665 854 756 912 etium
777 853 931 913 incorum
954 869 1038 929 quae
1055 857 1138 915 exci-

162 943 272 1000 derunt
286 938 461 997 memoriam
475 936 610 996 reducet.

133 1042 145 1094 1
225 1023 273 1081 lll.
297 1023 325 1081 ls
343 1021 442 1096 perdit
454 1019 604 1079 beneficia
622 1020 673 1094 qui
695 1020 754 1079 cito
778 1034 813 1078 se
834 1018 1010 1094 perdidisse
1030 1023 1137 1084 credit

162 1107 256 1181 atqui
271 1107 362 1165 instat
377 1112 406 1164 et
422 1110 528 1163 onerat
543 1102 645 1177 priora
660 1102 874 1178 sequentibus,
897 1102 988 1163 etiam
1004 1120 1045 1164 ex
1060 1106 1138 1168 duro

163 1198 194 1250 et
207 1189 364 1249 inmemori
380 1194 505 1263 pectore
524 1186 652 1261 gratiam
672 1187 820 1246 extundit
856 1187 923 1246 Non
940 1187 1072 1248 audebit
1087 1191 1138 1250 ad·

162 1290 271 1332 uersus
294 1274 387 1332 multa
402 1273 511 1331 oculos
526 1270 683 1329 adtollere.
720 1286 916 1345 quocumque
930 1285 966 1329 se
986 1274 1140 1334 convertit

163 1358 337 1416 memoriam
359 1371 445 1415 suam
468 1353 600 1428 lugiens,
631 1354 671 1412 ibi
692 1360 722 1412 te
743 1354 852 1413 videat.
890 1353 1050 1414 beneficiis
1080 1356 1139 1417 tuis

131 1442 242 1503 aillurn
261 1440 357 1513 cinge.
393 1439 527 1510 Quorum
543 1437 683 1511 quaevis
700 1452 819 1510 quaeve
838 1437 1012 1511 proprietas
1033 1437 1078 1499 sit
1097 1441 1140 1500 di-

165 1540 246 1594 cam,
269 1523 295 1580 si
316 1520 426 1596 prius
448 1521 532 1591 illa,
554 1536 649 1594 quae
670 1521 715 1579 ad
733 1535 811 1579 rem
831 1536 904 1579 non
927 1522 1139 1595 pertinent,

164 1604 396 1666 transsilire
415 1603 504 1662 milri
525 1604 769 1676 permiseris:
805 1618 923 1678 quare
943 1612 1027 1665 tres
1047 1606 1140 1666 Gra·

165 1691 244 1747 tiae
266 1695 303 1747 et
324 1703 443 1761 quare
464 1702 625 1747 sorores
653 1687 731 1746 sint
754 1694 790 1746 et
813 1702 931 1761 quare
952 1687 1140 1750 manibus

165 1772 339 1845 inplexis
361 1777 399 1828 et
419 1785 538 1843 quare
560 1770 738 1828 ridentes
754 1769 891 1847 [tauma]
907 1769 1139 1845 etvirgines

132 1857 435 1928 asolutaqueac
451 1854 656 1927 perlucida
678 1860 801 1913 veste.
826 1852 885 1912 Alii
901 1851 1027 1927 quidem
1041 1854 1141 1928 videri

163 1940 269 1998 volunt
281 1954 372 1998 unam
388 1952 460 1996 esse
474 1953 553 2010 quae
568 1937 620 1996 det
633 1937 830 2008 beneficium,
851 1937 976 1996 alteram
993 1954 1077 2012 quae
1093 1955 1140 2000 ac·

165 2021 271 2097 cipiet,
294 2021 411 2079 tertiam
433 2035 513 2093 quae
538 2019 655 2077 reddat.
689 2020 739 2078 alii
763 2019 983 2080 beneficiorum
1009 2021 1071 2081 tria
1091 2039 1141 2098 ge·

164 2120 253 2172 nera,
272 2102 524 2177 promerentium,
547 2102 753 2176 reddentium,
775 2101 865 2163 simul
880 2111 909 2163 et
923 2101 1142 2179 accipientium

135 2185 429 2258 ireddentiumque.
467 2183 530 2243 Sed
551 2185 723 2244 utrumlibet
748 2201 788 2244 ex
808 2186 875 2245 istis
899 2187 1003 2246 iudica
1023 2204 1141 2261 verum,

167 2270 241 2344 quid
256 2268 316 2327 ista
329 2284 386 2327 nos
403 2267 485 2326 iuvat
502 2269 648 2327 scientia?
672 2268 750 2342 Quid
765 2270 814 2328 ille
830 2270 981 2329 consertis
996 2272 1141 2333 manibus

166 2353 196 2411 in
216 2367 251 2411 se
270 2350 462 2410 redeuntium
482 2351 616 2412 chorus?
648 2353 687 2412 ob
708 2351 782 2424 hoc,
807 2353 879 2426 quia
901 2353 978 2413 ordo
997 2354 1142 2415 beneficii

167 2451 222 2510 per
237 2451 344 2495 manus
359 2436 544 2496 transeuntis
559 2434 754 2495 nihilominus
774 2436 814 2494 ad
835 2436 957 2495 dantem
977 2439 1143 2499 revertitur

167 2525 196 2577 et
209 2519 300 2579 totius
311 2521 452 2594 speciem
467 2520 579 2595 perdit,
602 2520 628 2578 si
644 2534 775 2592 usquam
795 2518 983 2594 interruptus
999 2529 1059 2596 est,
1077 2523 1143 2599 pul·-

135 2603 348 2678 5cherrimus,
375 2605 400 2663 si
423 2602 568 2662 cohaeret
589 2609 618 2661 et
641 2602 723 2660 vices
745 2608 856 2661 servat.
904 2604 1003 2677 [Ideo]
1032 2608 1142 2667 ardent

167 2694 213 2746 est
228 2687 331 2760 aliqua
346 2694 445 2746 tamen
461 2685 557 2744 maior
569 2683 618 2743 his
633 2684 783 2759 dignatio,
806 2686 885 2745 sicut
901 2691 1143 2760 promerentium

166 2771 267 2828 voltus
282 2769 370 2826 hilari
389 2776 459 2828 sunt
480 2770 724 2842 [qualessolent
746 2785 818 2828 esse
835 2770 886 2844 qui
902 2770 976 2830 dant
995 2774 1048 2831 vel
1063 2775 1141 2833 acci-

167 2851 253 2925 piunt
266 2851 437 2922 beneficiat
475 2853 615 2910 iuvenes=
638 2852 785 2925 quianon
806 2853 899 2912 debet
918 2853 1142 2916 beneficiorum

166 2934 314 2993 memoria
334 2948 506 2993 senescere.
546 2935 695 3008 virgines:
721 2936 793 3010 quia
813 2938 992 3011 incorrupta
1016 2947 1143 2999 suntet

167 3019 287 3075 sincera
303 3022 333 3074 et
348 3018 486 3075 omnibus
502 3025 617 3077 sancta.
648 3019 808 3094 inquibus
828 3019 901 3078 nihil
921 3035 995 3081 esse
1017 3021 1141 3098 adligati

167 3101 255 3157 decet
269 3114 326 3157 nec
338 3099 488 3158 adstricti:
511 3102 618 3161 solutis
634 3101 735 3177 itaque
752 3104 860 3162 tunicis
873 3108 1008 3164 utuntur.
1040 3109 1141 3181 perlu-

136 3182 244 3247 ficidis
260 3189 373 3252 autern,
399 3183 469 3257 quia
483 3184 632 3243 beneficia
650 3187 787 3260 conspici
802 3187 915 3246 volunt.
957 3185 1004 3249 Sit
1030 3191 1140 3266 aliquis

167 3281 267 3338 usque
283 3281 319 3324 eo
337 3265 460 3325 Graecis
477 3269 699 3341 emancipatus,
714 3277 746 3328 ut
759 3269 836 3329 haec
852 3270 933 3328 dicat
943 3275 1139 3335 necessaria:

166 3364 256 3408 nemo
272 3356 370 3408 tamen
388 3350 451 3423 erit,
467 3351 517 3423 qni
533 3349 620 3409 etiarn
637 3353 709 3410 illud
723 3353 834 3411 adrem
851 3353 965 3412 iudicet
976 3358 1140 3430 pertinere.

169 3447 247 3505 quae
262 3434 384 3492 nomina
400 3431 457 3492 illis
470 3434 625 3492 Hesiodus
641 3435 819 3508 inposuerit.
842 3437 960 3510 aeglon
976 3442 1138 3501 maximam
