2364 3840
231 192 372 255 unum.
390 192 550 268 Quousr.
572 194 644 253 nm.
657 196 679 253 1.
700 194 863 256 rnonoo.
975 195 1037 260 159

58 363 221 408 arenarum
237 347 350 406 inculta
361 344 489 406 vastitas
504 346 610 404 iaceat.
646 345 678 406 Si
695 347 763 421 quis
777 345 910 408 formicis
926 350 977 408 del
991 347 1034 408 in·
1044 367 1078 420 10

59 432 213 493 tellectum
233 428 381 502 hominis,
404 428 505 488 n'onoe
520 438 550 489 et
569 430 638 488 illae
655 446 746 489 unam
761 447 862 490 aream
879 432 907 490 in
924 434 1035 492 multas

58 513 236 590 provincias
249 512 406 572 divident?
428 513 500 571 Cum
514 520 543 571 te
557 514 585 571 in
598 514 648 571 illa
660 528 732 573 vere
745 529 854 588 magna
865 516 1035 589 sustulerIs,

58 597 201 672 quotiens
221 594 339 655 videbis
354 597 506 655 exercitus
522 596 672 656 subrectis
688 595 732 656 ire
747 597 866 657 vexillis
882 606 926 672 et,
947 599 1035 674 quasi

56 695 202 755 magnum
223 678 338 753 aliquid
361 685 481 753 agatur,
503 680 634 753 equitem
654 681 746 741 modo
767 682 911 742 ulteriora
928 683 1035 756 explo-

57 771 190 837 rantem,
213 763 305 822 modo
321 778 339 821 a
353 763 498 822 lateribus
513 763 668 837 adfusum,
690 765 795 825 libebit
813 766 929 825 dicere:

188 849 211 906 it
224 848 343 921 niprum
358 847 472 920 campis
486 862 601 920 damen.

57 928 254 990 formicarum
279 929 337 989 iste
361 929 520 988 discursus
541 937 588 988 εει
614 931 643 988 in
669 940 798 1004 angusto
824 933 1034 994 laborantium.

57 1012 134 1089 quid
149 1013 208 1071 illis
221 1019 250 1072 et
266 1011 353 1071 nobis
366 1012 491 1073 interest
501 1012 560 1070 nisi
572 1013 672 1087 exigui
685 1030 826 1074 mensura
840 1019 1036 1092 corpusculi?

55 1096 203 1157 Punctum
225 1103 272 1155 est
290 1096 386 1167 istud,
410 1095 439 1153 in
457 1112 517 1169 quo
539 1097 702 1170 navigatis,
725 1097 754 1155 in
771 1115 831 1173 quo
847 1100 981 1174 bellatis,
1003 1100 1076 1173 iun

58 1195 122 1256 quo
143 1194 239 1253 regna
261 1179 439 1253 disponitis,
462 1179 598 1251 minimo,
620 1179 709 1238 eliam
726 1196 794 1239 cum
811 1181 868 1241 illis
883 1182 1035 1258 utrimque

58 1278 196 1325 oceanus
219 1263 364 1322 occurrit:
391 1278 512 1321 sursum
532 1263 665 1335 ingentia
685 1264 784 1337 spatia
805 1272 890 1338 suot,
913 1266 941 1324 in
959 1283 1035 1340 quo-

56 1363 125 1407 rum
147 1347 379 1420 possessionem
401 1346 519 1404 animus
542 1345 721 1420 admittitur,
748 1355 777 1407 et
797 1347 854 1421 ila,
884 1347 910 1407 si
930 1364 1035 1408 secum

56 1430 214 1491 minimum
236 1445 274 1487 ex
296 1445 425 1503 corpore
443 1430 523 1501 tulit,
546 1430 572 1487 si
588 1430 745 1490 sordidum
762 1447 851 1490 omne
867 1431 992 1492 detersit
1007 1440 1036 1493 et

57 1512 224 1590 expeditus
246 1513 385 1587 levisque
406 1526 443 1571 ac
463 1520 623 1573 contentus
646 1515 766 1574 modico
789 1516 919 1575 emicuit.
963 1515 1034 1576 Cum
1044 1527 1078 1580 la

57 1598 110 1657 illa
131 1597 240 1670 tetigit,
269 1596 371 1669 alitur,
401 1597 512 1655 crescit
531 1611 567 1655 ac
588 1597 670 1656 velut
689 1598 819 1659 vinculis
841 1599 985 1659 liberatus
1005 1601 1034 1658 in

59 1679 210 1756 originem
225 1680 317 1749 redit,
334 1687 363 1739 el
378 1679 436 1738 lroc
448 1679 538 1740 habet
551 1690 759 1752 argumentum
771 1681 937 1743 divinitatis
950 1700 1034 1758 suae,

58 1763 146 1840 quod
160 1762 243 1823 illum
259 1762 360 1822 divina
376 1763 526 1823 delectant
541 1778 597 1821 nec
613 1772 645 1823 ut
658 1764 779 1836 alienis,
800 1767 854 1825 sed
871 1774 902 1826 ul
914 1768 978 1827 suis
991 1769 1035 1827 in-

57 1854 168 1909 terest:
191 1861 300 1906 secure
314 1853 432 1922 spectat
444 1861 575 1906 occasus
588 1845 722 1906 siderum
734 1855 825 1922 alque
838 1859 921 1908 ortus
935 1858 964 1909 et
976 1858 1035 1910 lam

58 1932 201 1991 diversas
214 1928 462 1989 concordantium
475 1931 549 1989 vias.
566 1930 719 2002 observat,
731 1931 781 1989 ubi
794 1946 934 2005 quaeque
947 1934 1036 1991 stella

58 2015 191 2090 primum
207 2013 294 2073 terris
310 2013 410 2073 lumen
427 2014 582 2086 ostendat,
598 2012 650 2072 ubi
665 2016 782 2073 culmen
796 2014 862 2073 eius
874 2030 1033 2088 summum,

59 2113 124 2173 qua
138 2112 248 2156 cursus
264 2096 317 2171 sil,
341 2113 504 2172 quousque
519 2097 696 2156 descendat.
725 2098 865 2159 curiosus
881 2104 1035 2172 spectator

58 2179 176 2241 excutit
189 2181 308 2255 singula
324 2189 354 2240 et
369 2181 495 2255 quaerit.
519 2180 623 2256 quidni
640 2188 787 2256 quaerat?
811 2181 867 2241 scit
883 2181 932 2240 illa
946 2182 986 2241 ad
1000 2197 1035 2241 se

58 2263 221 2340 pertinere.
263 2265 347 2323 Tunc
372 2265 535 2324 contemnit
560 2264 704 2323 domicilii
731 2264 841 2339 prioris
867 2267 1078 2340 aiiguslias.13

58 2354 205 2423 quantum
226 2348 305 2406 enim
327 2354 387 2421 est,
418 2348 501 2421 quod
522 2348 560 2408 ab
582 2349 693 2407 ultimis
715 2348 853 2409 litoribus
868 2349 1036 2423 Hispaniae

57 2447 161 2505 usque
181 2432 220 2490 ad
240 2431 334 2490 lndos
354 2431 452 2489 iacetl
481 2432 734 2505 paucissimorum
756 2433 872 2491 dierum
891 2431 1033 2505 spatium,

58 2516 86 2576 si
109 2529 218 2574 navem
239 2531 314 2575 suus
340 2514 415 2573 ferat
436 2520 559 2587 ventus,
588 2513 722 2589 inplebit.
751 2522 781 2573 al
795 2515 846 2572 illa
861 2513 946 2586 regio
963 2529 1034 2573 coe-

57 2600 144 2658 lestis
166 2614 221 2673 per
242 2599 361 2672 triginta
386 2613 484 2657 annos
506 2598 699 2657 velocissimo
728 2597 819 2655 sideri
844 2597 921 2654 viam
946 2611 1033 2669 prae·

58 2689 120 2743 stat
138 2698 302 2756 numquam
324 2680 490 2754 resistenti,
516 2683 571 2741 sed
594 2681 761 2755 aequaliter
782 2678 851 2738 cito.
891 2678 954 2737 lllic
981 2678 1033 2737 de-

58 2781 141 2826 mum
162 2765 253 2825 discit
273 2764 355 2838 quod
377 2765 429 2825 diu
445 2765 604 2839 quaesivit.
630 2764 690 2823 illic
705 2761 811 2837 incipit
824 2762 914 2820 deum
929 2777 1033 2821 nosse.

59 2848 134 2924 quid
150 2855 198 2907 est
213 2848 309 2908 deust
336 2865 422 2909 mens
438 2849 582 2908 universi.
612 2847 684 2922 quid
699 2854 747 2906 est
761 2847 860 2905 deust
887 2846 972 2920 quod
991 2845 1034 2904 vi-

58 2933 114 2993 des
134 2938 228 2992 lotum
251 2940 280 2992 el
297 2933 380 3007 quod
398 2950 457 2995 non
475 2933 560 2993 vides
579 2939 681 2992 tolum.
718 2929 768 2989 Sic
784 2930 904 2989 demum
920 2928 1032 3004 magni·

58 3017 131 3076 tudo
154 3031 211 3076 sua
231 3014 274 3074 illi
291 3017 444 3090 redditur,
466 3032 526 3090 qua
540 3015 612 3074 nihil
627 3014 724 3074 maius
741 3013 907 3088 excogitari
922 3019 1032 3087 polest,

59 3100 85 3160 si
107 3099 194 3160 solus
217 3107 264 3160 εει
284 3100 399 3172 omnia,
423 3116 501 3175 opus
523 3116 612 3158 suum
633 3107 663 3157 et
683 3105 769 3157 extra
790 3105 819 3157 el
839 3099 917 3157 intra
941 3101 1032 3156 tenet.

58 3183 137 3256 Quid
158 3197 232 3257 ergo
256 3181 382 3242 interest
400 3183 476 3243 inter
493 3191 629 3243 naturam
645 3182 693 3240 dei
710 3191 739 3242 et
753 3187 910 3241 nostram?
938 3178 1034 3240 nostri
1043 3185 1075 3240 14

57 3268 166 3327 melior
186 3282 258 3343 pars
278 3265 397 3326 animus
419 3274 479 3339 est,
502 3268 530 3326 in
551 3267 602 3325 illo
618 3266 701 3323 nulla
715 3281 785 3340 pars
801 3272 887 3323 extra
901 3263 1032 3322 animum

57 3358 114 3411 est.
143 3358 225 3411 totus
246 3357 292 3411 est
313 3349 404 3424 ratio,
434 3366 500 3410 cum
523 3350 640 3409 interim
661 3357 762 3409 lautus
785 3364 871 3408 error
896 3345 1034 3405 mortalia

57 3440 153 3511 tenet,
179 3441 212 3495 ul
231 3434 305 3508 hoc,
334 3450 395 3509 quo
418 3448 518 3508 neque
539 3433 704 3493 formosius
726 3440 772 3492 est
793 3433 954 3506 quicquam
975 3440 1033 3487 nec
