2364 3840
231 177 371 241 NnTth.
388 177 548 250 QUAEST.
573 179 707 237 Llss.v1.
731 189 861 242 ιι-ιε.
973 181 1036 244 283

59 327 182 403 dirupta
206 336 378 402 patuerunt.
418 328 475 386 Per
499 328 575 387 haec
600 328 758 388 intervalla
785 331 874 390 intrat
900 333 1034 407 spiritus,

61 429 153 488 quem
176 412 202 470 si
223 412 345 472 inclusit
364 428 447 470 mare
468 418 498 470 ει
518 412 607 471 altius
630 412 732 486 adegit
751 429 807 472 nec
825 413 937 475 fluctus
952 423 1033 476 retro

59 496 144 554 abire
163 496 314 568 permisit,
339 503 409 554 tunc
429 494 479 552 ille
494 496 577 555 exitu
592 495 680 556 simul
695 494 855 571 redituque
869 500 1034 571 praecluso

58 580 213 639 volutatur
233 586 276 651 el,
305 578 376 654 quia
395 577 424 636 in
445 585 560 637 rectum
580 595 640 638 non
662 587 764 653 potest
782 581 921 655 tendere,
951 583 1034 656 quod

58 662 100 721 illi
116 662 251 720 naturale
267 670 327 733 est,
350 663 381 720 in
396 661 523 721 sublime
539 678 573 721 se
588 663 715 721 intendit
727 669 756 722 et
770 671 882 723 terram
894 681 1034 740 premen-

58 754 119 804 tem
134 744 314 804 diverberat.
440 802 442 810 ,

121 827 201 887 XVI.
223 827 450 888 Etiamnunc
466 828 755 902 dicendumest,
772 831 873 904 quod
888 831 1061 905 plenis-1

59 926 132 985 que
154 909 380 970 auctoribus
402 912 531 986 placet
550 912 634 970 etin
650 913 754 986 quod
776 913 1035 974 fortasseliet

58 993 272 1054 discessio.
309 994 374 1053 Non
399 1009 469 1054 esse
495 1000 603 1053 terram
630 995 696 1053 sine
722 994 831 1070 spiritu
849 998 950 1071 palam
971 1004 1033 1056 est:
1107 991 1110 998 “

58 1093 121 1136 non
144 1083 256 1136 tantum
278 1078 329 1135 illc
351 1077 433 1150 dico,
463 1093 524 1150 qua
546 1091 580 1135 se
600 1084 682 1136 tenet
697 1094 733 1136 ac
748 1085 851 1151 partes
867 1079 915 1139 sui
930 1079 1032 1155 iungit,

59 1159 111 1234 qui
127 1161 206 1219 inest
217 1160 306 1219 etiam
319 1161 402 1220 saxis
416 1161 604 1234 mortuisque
616 1159 811 1233 corporibus,
831 1164 887 1221 sed
899 1163 949 1221 illo
963 1163 1032 1223 dico

57 1243 141 1303 vitali
156 1251 185 1301 et
200 1251 307 1317 vegeto
324 1250 354 1302 et
371 1244 468 1302 alente
485 1243 593 1302 omnia.
623 1244 703 1302 hunc
719 1243 777 1302 nisi
790 1243 932 1317 haberet,
957 1262 1032 1320 quc-

57 1327 150 1386 modo
165 1333 210 1385 tat
224 1327 356 1387 arbustis
372 1327 510 1402 spiritum
527 1326 699 1386 infunderet
712 1341 772 1384 non
789 1327 912 1386 aliunde
928 1330 1031 1387 viven-

56 1409 154 1482 tibus,
177 1417 207 1468 et
226 1416 270 1469 tot
286 1412 381 1470 satis?
409 1410 663 1484 quemadmodum
681 1417 741 1468 tam
757 1410 896 1470 diversas
911 1412 1032 1471 radices

57 1493 144 1551 aliter
157 1499 248 1566 atque
266 1494 351 1552 aliter
367 1495 396 1552 in
413 1509 447 1552 se
462 1509 578 1553 mersas
594 1494 724 1565 foveret,
748 1494 898 1567 quasdam
914 1510 1033 1554 summa

56 1581 198 1650 receptas
222 1584 322 1649 parte,
347 1578 496 1651 quasdam
515 1576 603 1636 altius
617 1585 744 1649 tractas,
766 1578 824 1636 nisi
838 1578 963 1637 multum
979 1577 1031 1636 ha-

55 1659 142 1718 beret
165 1658 283 1717 animae
304 1667 364 1717 tarn
386 1660 492 1729 multa,
515 1667 574 1718 tarn
591 1660 673 1719 varia
686 1661 860 1735 generantis
876 1668 905 1721 et
920 1660 1030 1721 haustu

58 1749 151 1815 atque
172 1741 315 1800 allmentc
331 1741 378 1801 sui
393 1743 573 1801 educantis?
608 1743 740 1802 Levibus
756 1744 856 1805 adhuc
872 1754 1061 1820 argument

55 1825 94 1883 tis
110 1840 179 1898 ago.
214 1826 320 1884 Totum
337 1825 396 1884 hoc
412 1826 545 1894 caelum,
567 1825 650 1898 quud
668 1825 774 1897 igneus
792 1826 904 1900 aether,
926 1829 1031 1888 mundi

57 1924 175 1967 summa
190 1923 278 1981 pars,
299 1907 425 1982 claudit,
446 1922 551 1967 omnes
562 1907 620 1965 hae
633 1909 754 1980 stellae,
771 1925 900 1982 quarum
912 1911 1031 1969 definiri

56 2006 118 2048 non
140 1997 243 2065 potest
260 2007 419 2062 numerus,
443 1989 540 2050 omnis
555 1990 604 2049 hic
620 1992 794 2050 coelestium
812 1998 917 2051 coetus
934 1999 977 2065 et,
997 2001 1031 2053 ut

56 2074 116 2132 alia
129 2080 333 2148 praeteream,
356 2073 405 2133 hic
420 2081 480 2133 tam
492 2089 589 2149 prope
600 2090 619 2131 a
629 2073 718 2133 nobis
730 2090 825 2149 agens
838 2091 961 2135 cursum
973 2076 1029 2148 sol,

58 2157 140 2216 omni
160 2162 307 2217 terrarum
328 2158 441 2218 ambitu
462 2174 522 2217 non
543 2158 637 2216 semel
658 2157 763 2230 maior,
792 2159 964 2233 alimentum
991 2175 1031 2218 ex

56 2237 138 2299 terra
158 2240 279 2300 trahunt
300 2249 330 2300 et
349 2242 426 2301 inter
447 2257 482 2300 se
504 2241 671 2315 partiuntur
691 2256 747 2300 nec
763 2243 824 2306 ullo
841 2243 899 2304 alic
915 2243 1032 2309 scilieet

57 2337 148 2396 quam
170 2321 264 2383 halitu
283 2331 429 2384 terrarum
451 2325 646 2384 sustinentur.
677 2323 737 2384 hcc
761 2326 820 2385 illis
846 2327 1030 2400 alimentum,

55 2405 105 2463 hic
121 2415 227 2480 pastus
244 2414 299 2466 est.
335 2408 401 2468 Nou
419 2415 524 2482 posset
538 2416 637 2467 autern
652 2415 712 2466 tarn
727 2411 821 2468 multa
835 2417 981 2484 tantoque
996 2413 1058 2468 see

56 2491 125 2564 ipsa
145 2490 261 2550 maiora
283 2491 409 2565 nutrire,
433 2492 491 2550 nisi
512 2491 601 2565 plena
616 2497 699 2551 esset
713 2492 845 2562 animae,
870 2508 961 2565 quam
976 2507 1031 2564 per

56 2573 135 2632 diem
151 2589 188 2632 ac
202 2581 321 2634 noctem
334 2575 372 2632 ab
385 2575 524 2634 omuibus
538 2573 674 2648 partibus
686 2573 734 2632 sui
745 2574 851 2633 lundit.
872 2574 938 2632 ficri
950 2574 1031 2633 enim

56 2671 116 2714 non
140 2665 257 2731 potest,
279 2666 391 2718 utnon
412 2660 536 2717 multum
556 2658 583 2715 ei
605 2657 752 2730 supersit,
778 2671 894 2729 exque
914 2663 1030 2716 tantum

56 2740 166 2812 petitur
187 2756 222 2800 ac
243 2741 385 2801 sumitur:
414 2750 444 2801 et
466 2742 506 2800 ad
528 2748 646 2814 tempus
665 2739 801 2814 quidem,
826 2740 909 2814 quod
930 2745 1028 2811 exeat,

55 2823 200 2882 nascitur.
226 2839 283 2883 nec
304 2825 383 2883 enim
403 2830 488 2884 esset
507 2823 649 2899 perennis
665 2823 706 2882 illi
722 2823 811 2897 copia
826 2822 984 2883 suffecturi
999 2822 1029 2882 in

55 2912 99 2964 ιοι
120 2907 264 2967 coelestia
286 2907 425 2981 spiritus,
448 2907 505 2967 nisi
527 2906 656 2965 invicem
670 2905 730 2965 ista
744 2913 940 2965 excurrerent
954 2913 983 2966 et
999 2907 1029 2964 in

55 2989 139 3047 aliud
153 2990 212 3048 alia
227 2992 426 3051 solverentur.
454 2991 510 3050 sed
526 2997 626 3050 tamen
641 3005 770 3049 necesse
785 2997 833 3050 εει
846 2990 980 3050 abundet
995 3005 1030 3049 ac

57 3073 150 3145 plena
171 3074 210 3133 sit
230 3080 260 3133 et
280 3090 319 3133 ex
340 3075 462 3135 condito
483 3075 627 3149 proferat.
662 3074 729 3132 Non
746 3080 793 3132 est
808 3088 880 3148 ergo
897 3073 1060 3144 dubiumr

58 3155 129 3228 quin
146 3157 270 3216 multum
287 3157 411 3232 spiritus
425 3157 594 3218 interlateat
608 3165 638 3215 et
652 3173 744 3217 caeca
758 3157 815 3218 sub
834 3165 913 3217 terra
930 3157 1031 3230 spatia

56 3253 109 3296 aer
129 3241 208 3299 latus
231 3240 374 3300 obtineat.
413 3242 501 3314 Quod
522 3241 548 3300 si
569 3256 673 3299 verum
694 3250 754 3315 est,
781 3255 911 3300 necesse
932 3247 980 3299 est
1000 3239 1030 3299 id

57 3335 152 3395 saepe
167 3332 334 3396 moveatur,
360 3326 442 3399 quod
458 3342 492 3385 re
508 3323 707 3384 mobilissima
721 3326 844 3400 plenum
859 3330 916 3384 est.
944 3339 1031 3384 uum·

59 3403 130 3474 nuid
157 3406 235 3465 enim
259 3407 382 3467 dubium
404 3424 475 3467 esse
497 3409 638 3482 cuiquam
660 3415 776 3484 polest,
807 3406 879 3484 quin
902 3404 974 3465 nihil
991 3404 1033 3466 sit
