2364 3840
125 199 188 263 170
411 199 445 258 L.
467 196 612 259 ANNAEI
636 195 812 256 SENECAE

125 353 199 428 quid
214 367 286 426 ergo
298 350 360 424 litt
382 351 530 421 colorem,
547 366 607 410 non
623 349 783 423 imaginem
799 350 930 410 ducunt:
953 346 1086 427 alioquin,

123 472 166 482 -
180 444 213 497 ut
226 437 268 495 ait
281 435 360 494 Nero
377 435 489 493 Caesar
504 432 713 506 disertissime,

207 523 282 580 cotta
298 520 489 594 cartennae
503 518 659 592 splendent
676 519 790 591 apaan
802 516 974 576 rotundae:

124 611 154 663 et
174 603 266 662 variis
289 600 443 662 coloribus
460 615 613 674 pavonum
627 598 745 671 cervix,
770 598 912 673 quotiens
928 598 1032 674 aliquo
1045 599 1088 658 de-

124 686 262 755 flectitur,
287 685 373 744 nitet:
387 716 430 727 -
450 683 597 758 numquid
617 698 690 757 ergo
713 683 851 742 dicemus
871 684 1002 756 specula
1019 683 1088 742 cius·

125 770 207 829 modi
223 770 356 842 plumas,
380 782 509 839 quarum
530 765 628 826 onmis
643 764 796 825 inclinatio
814 762 845 824 in
862 767 985 826 colores
1000 781 1088 826 novos

96 852 256 918 rtransit?
289 849 355 908 Non
380 847 479 908 minus
503 848 600 908 nubes
624 850 777 908 diversam
801 854 939 907 naturam
965 848 1089 924 speculis

124 933 237 993 habent
252 948 341 1005 quam
364 946 451 1005 aves,
475 948 552 1007 quas
570 933 671 1004 rotuli,
694 938 724 991 et
738 931 986 992 chamaeleontes
1000 941 1030 992 et
1042 933 1090 991 alia

124 1016 278 1088 animalia,
302 1031 431 1089 quorum
447 1017 531 1075 color
544 1021 597 1075 aut
610 1031 648 1074 ex
662 1015 739 1090 ipsis
754 1022 892 1088 mutatur,
911 1030 982 1077 cnm
996 1017 1041 1075 ira
1050 1014 1089 1073 vel

126 1100 269 1174 cupidine
291 1098 418 1158 incensa
438 1106 537 1158 cutem
557 1114 645 1158 suam
666 1098 785 1158 variant
805 1097 936 1160 humore
959 1098 1089 1171 subfuso,

126 1191 178 1243 aut
192 1182 344 1257 positione
359 1181 452 1254 lucis,
475 1198 565 1257 quam
583 1189 672 1256 prout
688 1190 802 1242 rectam
816 1183 866 1240 vel
881 1181 1037 1258 obliquam
1051 1196 1089 1240 re·

96 1271 286 1341 scepemnt,
310 1267 351 1327 ita
372 1268 555 1326 colorantur.
591 1265 668 1339 Quid
689 1266 768 1324 enim
783 1265 880 1325 simile
895 1266 1033 1340 speculis
1046 1264 1089 1323 lra-

126 1352 198 1410 bcnt
219 1350 331 1419 nubes,
357 1365 424 1409 enm
446 1350 495 1407 illa
515 1365 576 1409 non
600 1350 790 1423 perluceant,
816 1348 875 1407 hae
896 1347 1090 1410 transmittant

47 1426 52 1439 '
124 1436 245 1493 lucem?
266 1434 316 1491 illa
332 1433 429 1491 densa
443 1439 473 1490 et
488 1439 606 1504 coacta,
623 1432 680 1490 hae
693 1447 781 1490 rarae
795 1431 876 1491 sinti
895 1431 950 1492 illa
960 1431 1089 1493 eiusdem

126 1515 268 1576 materiae
280 1523 350 1585 tota,
364 1515 422 1574 hae
434 1515 564 1575 diversis
573 1522 685 1574 temere
693 1515 874 1589 conpositae
882 1521 913 1574 et
920 1516 961 1576 ob
969 1515 1032 1576 hoc
1038 1515 1090 1573 dis·

126 1600 236 1658 cordes
255 1614 312 1656 neo
326 1600 379 1657 diu
391 1597 600 1657 cohaesurae‘l
619 1598 780 1658 Praeterea
790 1598 931 1658 videmus
944 1606 1015 1659 ortu
1024 1597 1091 1658 solis

126 1687 241 1755 partem
256 1681 419 1754 quamdam
434 1681 511 1740 coeli
527 1681 644 1741 rubere.
667 1681 806 1740 videmus
820 1679 921 1741 nubes
933 1681 1091 1757 aliquando

125 1764 206 1838 ignei
227 1764 348 1824 coloris.
378 1763 451 1839 qnid
471 1780 544 1839 crgo
560 1765 714 1838 prohibet,
739 1764 893 1839 quomodo
909 1764 994 1843 launo
1008 1779 1092 1826 unum

127 1849 260 1907 colorem
276 1846 430 1922 accipiunt
443 1848 519 1908 solis
535 1863 681 1920 occursu,
704 1848 749 1907 sic
763 1849 874 1908 multos
886 1846 926 1906 ab
940 1846 1002 1909 illis
1013 1847 1092 1919 uehi,

97 1948 114 2003 9
128 1932 266 2005 quamvis
287 1948 347 1991 non
363 1931 494 1990 habeant
508 1932 625 2006 speculi
640 1931 825 2005 potentiam?
858 1929 971 2005 Modo,
993 1929 1092 2007 inquit,

125 2015 202 2075 inter
216 2021 393 2089 argumenta
407 2015 545 2088 ponebas
560 2030 682 2088 semper
697 2029 800 2073 arcum
815 2021 922 2073 contra
936 2016 1035 2075 solem
1046 2030 1093 2074 ex·

126 2099 224 2170 citari,
250 2099 320 2172 qnia
341 2114 379 2156 nc
399 2114 418 2155 a
438 2099 564 2172 speculo
586 2097 709 2172 quidem
729 2097 829 2172 imago
844 2097 1029 2159 redderetur
1042 2095 1094 2157 nisi

126 2182 269 2253 adverso.
304 2181 386 2250 Hoc,
409 2179 519 2253 inquit,
541 2195 700 2240 commune
717 2179 805 2240 nobis
821 2187 877 2240 est.
905 2197 976 2241 narn
996 2194 1094 2257 quem·

126 2262 289 2321 admodum
310 2263 527 2336 opponendum
549 2268 597 2322 est
617 2265 745 2338 speculo
760 2264 805 2336 id,
828 2264 916 2324 cuius
931 2263 961 2324 in
979 2282 1014 2326 se
1028 2266 1094 2323 ima-

125 2345 226 2420 ginem
244 2347 420 2417 transierat,
445 2346 504 2419 sic,
526 2352 560 2405 ut
574 2348 672 2406 nubes
687 2346 769 2406 inlici
784 2346 919 2422 possint,
941 2346 985 2409 ita
999 2350 1046 2409 sol
1060 2346 1096 2407 ad

125 2429 184 2490 hoo
201 2435 271 2504 apte
289 2430 449 2505 ponendus
467 2437 523 2489 est.
547 2431 701 2491 nonenim
717 2430 796 2489 idem
812 2430 898 2503 lacit,
920 2429 948 2491 si
963 2432 1096 2507 undique

126 2513 248 2573 effulsit.
269 2513 352 2574 etad
367 2513 425 2573 hoc
440 2530 519 2588 opus
535 2519 583 2572 est
595 2513 749 2573 radiorum
764 2514 895 2573 idoneus
911 2515 1024 2575 ictus.“

84 2613 119 2664 10
187 2597 270 2657 Haec
291 2598 431 2658 dicuntur
451 2597 489 2656 ab
505 2594 567 2668 his,
589 2597 640 2671 qui
655 2596 752 2656 rideri
766 2599 873 2658 volunt
886 2597 999 2657 nubem
1017 2598 1092 2658 colo·

124 2680 194 2739 rari.
228 2681 411 2741 Posidonius
428 2687 457 2740 et
478 2681 521 2754 hi,
546 2680 598 2755 qui
612 2681 766 2755 speculari
781 2681 899 2741 ratione
913 2682 1005 2741 talem
1020 2679 1096 2741 effici

125 2764 261 2822 iudicant
279 2765 394 2841 visum,
418 2764 477 2825 hoc
492 2764 694 2837 respondent:
723 2765 771 2836 „si
785 2766 866 2824 ullus
881 2771 967 2824 esset
980 2765 1011 2824 in
1028 2779 1096 2824 arcu

126 2847 224 2919 color,
248 2856 438 2920 permaneret
457 2854 487 2906 et
509 2847 659 2908 viseretur
672 2862 710 2906 eo
724 2848 930 2921 manifestius,
952 2865 1015 2923 quo
1029 2861 1108 2923 pro-¹

125 2929 214 3003 pius:
243 2947 323 2990 nunc
349 2929 449 3004 imago
476 2946 581 3003 arcus,
611 2946 651 2989 ex
673 2930 840 3005 longinquo
865 2932 964 3003 clara,
991 2928 1095 3001 interit,

84 3025 193 3075 11cnm
208 3028 248 3071 ex
263 3013 362 3072 vicino
378 3019 499 3072 ventum
511 3018 589 3074 est.“
622 3013 699 3072 Huic
710 3012 943 3074 contradictioni
953 3030 1016 3075 non
1028 3029 1095 3074 con·

126 3097 240 3166 sentio,
263 3111 330 3154 cnm
353 3097 452 3170 ipsam
471 3098 652 3156 sententiam
673 3095 811 3170 probem.
840 3102 958 3171 queret
984 3097 1095 3158 dicam:

47 3192 54 3199 ·
127 3179 198 3250 qnia
212 3179 365 3238 coloratur
380 3178 502 3251 quidem
524 3180 637 3253 nubes,
659 3178 716 3239 sed
729 3180 783 3250 ita,
805 3186 840 3238 ut
853 3180 940 3240 color
954 3180 1022 3242 eius
1039 3195 1094 3240 non

126 3259 262 3333 undique
277 3259 432 3334 adpareat.
454 3277 522 3320 narn
539 3279 577 3322 ne
594 3263 663 3337 ipsu
678 3262 800 3337 quidem
814 3263 952 3337 undique
962 3264 1094 3338 adparet

126 3342 237 3402 nubem
253 3342 332 3408 enim
348 3359 452 3416 nemo,
476 3346 528 3418 qui
544 3346 572 3403 in
589 3344 658 3420 ipsa
672 3354 734 3417 est,
757 3344 850 3406 videt.
871 3346 946 3421 quid
957 3362 1032 3421 ergo
1046 3346 1096 3405 mi·

125 3442 206 3500 rum,
229 3427 254 3485 si
270 3429 355 3488 color
371 3427 436 3487 eius
451 3443 512 3486 non
528 3429 648 3489 videtur
660 3428 699 3488 ab
715 3444 768 3504 eo,
788 3444 883 3504 aquo
899 3430 970 3505 ipsa
984 3447 1045 3490 non
1056 3427 1084 3488 vi
