2364 3840
123 180 186 244 130
400 180 434 241 L.
455 181 602 242 ANNAEI
625 181 801 242 SENECAE

119 331 249 393 incensa
269 333 449 407 praecipitet
469 332 576 391 datura
596 331 673 407 ipsis
695 331 890 392 occasionem
905 331 1096 392 exhibendae

89 417 244 491 epictatis
266 431 305 475 ex
326 417 426 475 medio
450 415 626 489 parentibus
641 415 783 476 incendio
799 414 918 489 raptist
952 414 1033 476 Nihil
1048 417 1095 476 de·

119 500 171 559 bet
193 499 330 573 Scipioni
351 500 463 571 Roma,
491 500 517 558 si
538 497 683 559 Punicum
708 498 820 559 bellum
840 505 873 558 ut
892 497 995 559 finiret
1019 501 1095 560 aluit

118 584 192 642 nihil
213 584 331 657 Deciis,
356 582 439 656 quod
459 588 557 641 morte
577 582 705 657 patriam
727 589 944 655 servaverunt,
972 582 1000 642 si
1015 583 1096 657 prius

119 673 313 741 optaverant,
335 673 368 725 ut
388 665 542 725 devotioni
565 666 749 726 fortissimae
763 666 864 726 locum
878 665 986 726 ultima
1000 682 1095 727 rerum

119 751 291 811 necessitas
311 751 434 808 laceret.
472 749 659 809 Gravissima
680 750 803 808 inlamia
823 757 871 809 est
891 750 1005 809 medici
1021 766 1095 826 opus

119 848 277 910 quaerere.
301 832 385 892 mulli
402 848 481 905 quos
496 841 645 892 auxerant
659 833 784 893 morbos
795 840 826 892 et
839 831 1052 908 inritaverant,
1067 840 1097 894 ιιι

118 919 232 977 maiore
247 917 344 990 gloria
359 922 516 987 sanarent,
541 932 602 975 non
618 922 783 991 potuerunt
795 916 949 977 discutere
964 925 1019 978 aul
1031 933 1094 978 cum

118 1015 228 1073 magna
243 1001 423 1059 miserorum
440 1000 601 1059 vexatione
616 1000 764 1060 vicerunt.

90 1093 105 1143 1
180 1082 328 1142 XXXVII.
354 1085 555 1144 Callistratum
571 1083 670 1155 aiunl,
693 1083 734 1143 ila
748 1090 831 1143 certe
842 1083 981 1144 Hecaton
993 1090 1095 1145 auctor

118 1174 180 1238 cst,
205 1182 273 1225 curn
294 1168 323 1225 in
345 1168 466 1227 exilium
485 1168 559 1239 iret,
580 1166 610 1226 in
627 1166 711 1242 quod
725 1169 837 1227 multos
856 1167 946 1227 simul
960 1183 1032 1228 cum
1046 1169 1093 1228 illo

118 1250 267 1312 seditioso
279 1251 385 1314 civitas
398 1259 427 1312 et
438 1253 673 1325 intemperanter
684 1250 780 1309 libera
791 1251 960 1325 expulerat,
974 1259 1093 1327 optante

118 1335 252 1410 quodam
274 1342 308 1394 ut
328 1334 566 1394 Atheniensibus
587 1334 758 1394 necessitas
783 1335 964 1394 restituendi
989 1336 1093 1399 exules

88 1427 214 1492 resset,
243 1419 447 1478 abominatum
468 1418 557 1476 talem
578 1418 716 1480 reditum.
758 1417 888 1478 Rutilius
911 1427 1020 1480 noster
1033 1419 1091 1479 ani·

116 1503 250 1573 mosius,
274 1517 342 1561 cum
358 1502 480 1574 quidam
495 1501 577 1559 illum
590 1503 801 1561 consolaretur
812 1510 842 1562 et
853 1500 972 1563 diceret
981 1502 1092 1563 instare

117 1602 201 1644 arma
216 1585 331 1656 civilia,
352 1584 436 1642 brevi
452 1585 593 1654 lulurum,
611 1591 646 1643 ut
660 1601 767 1645 omnes
783 1586 889 1645 exules
904 1593 1092 1647 reverteren-

116 1675 179 1728 tur:
205 1669 363 1742 pollitici,
386 1666 498 1740 inquil,
519 1668 677 1741 malifect',
698 1676 731 1729 at
742 1671 1093 1744 mettpcloremredttam

115 1767 205 1826 quam
227 1754 338 1811 cocitum
360 1749 503 1826 optares?
535 1753 619 1812 Molo
637 1760 670 1812 al
683 1757 790 1827 patria
802 1756 893 1813 exilio
908 1755 1092 1815 incoenata

115 1842 194 1908 scat,
219 1852 306 1910 quom
326 1837 425 1896 reditu
444 1842 584 1896 moereat.
619 1836 686 1894 Non
701 1844 749 1896 est
768 1837 849 1897 istud
865 1835 992 1897 exilium
1007 1838 1092 1899 cuins

86 1920 267 1980 aneminem
288 1936 349 1979 non
370 1920 466 1994 magis
489 1936 580 1994 quam
601 1920 774 1979 damnatum
795 1920 899 1994 pudet.
942 1920 1092 1994 Quemad-

115 2005 240 2063 modum
261 2003 301 2063 illi
328 2010 529 2063 servaverunt
554 2003 703 2064 honorum
727 2002 837 2064 civium
863 2003 1016 2079 officium,
1043 2004 1092 2080 qui

115 2089 203 2146 reddi
224 2088 281 2146 sibi
302 2094 429 2161 penates
452 2102 527 2145 suos
548 2087 710 2147 noluerunt
728 2088 816 2146 clade
830 2087 1002 2161 communi,
1023 2088 1093 2164 quia

116 2171 212 2228 satius
228 2175 293 2228 erat
307 2170 386 2228 duos
402 2169 506 2242 iniquo
523 2171 602 2228 malo
617 2171 707 2228 adfici
724 2187 814 2245 quam
828 2186 936 2232 omnes
952 2171 1091 2247 publico=

116 2253 157 2310 ila
177 2268 239 2311 non
259 2258 362 2310 servat
381 2252 457 2323 grati
478 2251 609 2312 hominis
632 2254 798 2328 adlectum,
822 2255 875 2329 qni
896 2253 975 2314 benc
998 2257 1039 2316 do
1059 2270 1091 2315 se

115 2340 281 2393 merentem
296 2333 524 2394 difficultatibus
541 2338 604 2396 vult
618 2338 765 2412 opprimi,
788 2353 865 2413 quas
882 2336 952 2413 ipse
968 2338 1090 2400 submo

114 2424 194 2478 veel.
219 2418 271 2492 qui
285 2418 405 2478 etiamsi
420 2418 498 2477 hene
514 2420 639 2494 cogitat,
662 2423 740 2480 male
752 2429 902 2496 precatur.
938 2422 985 2483 Ne
996 2423 1028 2483 in
1039 2439 1091 2499 pa·

114 2501 275 2562 trocinium
298 2503 435 2577 quidem,
459 2505 571 2563 nedum
591 2505 622 2564 in
642 2505 769 2579 gloriam
785 2513 832 2566 est
848 2506 1027 2567 incendium
1040 2523 1088 2567 ex·

115 2586 261 2648 stinxisse
277 2589 361 2662 quod
375 2588 494 2648 leceris.

86 2675 102 2728 1
176 2671 337 2732 XXXVlll.
371 2672 404 2730 In
434 2672 616 2746 quibusdam
642 2672 813 2733 civilatibus
843 2671 962 2747 inpium
987 2682 1089 2736 volum

115 2756 240 2814 sceleris
261 2756 360 2814 vicem
380 2756 483 2816 tenuit.
521 2757 673 2816 Demades
689 2764 771 2817 certe
786 2755 915 2817 Athenis
929 2773 1016 2831 eum,
1040 2757 1088 2833 qui

114 2839 291 2898 necessaria
306 2839 464 2900 lunaribus
475 2840 663 2909 venditabat,
684 2841 852 2912 damnavit,
876 2857 944 2901 cum
962 2842 1087 2915 probas·

115 2929 162 2983 set
181 2938 323 2995 magnum
347 2923 465 2984 lucrum
486 2940 627 2998 optasse,
658 2925 742 2998 quod
764 2923 940 3000 contingere
959 2925 1002 2985 illi
1024 2925 1087 2986 sine

113 3007 275 3067 multorum
291 3016 387 3068 morte
401 3025 463 3068 non
476 3015 603 3082 poterat.
633 3007 744 3081 Quaeri
757 3015 858 3067 lamen
871 3009 959 3082 solet,
976 3025 1014 3069 an
1028 3024 1085 3068 me

112 3091 169 3149 rito
192 3092 352 3151 damnatus
374 3091 421 3152 sil.
461 3093 593 3152 fortasse
613 3093 743 3166 optavit,
766 3109 827 3152 non
850 3099 884 3154 ut
898 3093 1000 3154 multis
1017 3109 1085 3152 ven·

114 3175 215 3246 deret,
244 3177 300 3234 sed
321 3184 353 3236 ut
375 3191 459 3247 care,
484 3183 517 3236 ut
535 3193 632 3251 parvo
654 3176 712 3236 sibi
728 3183 905 3236 constarent
920 3193 1000 3252 quae
1015 3191 1084 3237 ven-

84 3258 231 3320 aditurus
252 3266 344 3319 esset.
382 3259 456 3319 Cum
480 3267 599 3321 constet
618 3260 783 3334 negotiatio
799 3261 865 3321 eius
883 3277 922 3320 ex
939 3269 1043 3336 empto
1059 3264 1085 3319 et

112 3343 251 3414 vendito,
276 3359 371 3418 quare
390 3350 493 3403 volum
515 3343 581 3405 eius
603 3344 632 3403 in
647 3361 737 3404 unam
755 3352 871 3419 partem
884 3344 996 3418 trahis,
1019 3359 1084 3405 curn

111 3427 229 3488 luorum
245 3442 284 3488 ex
298 3435 427 3502 utraque
441 3427 500 3486 sill
525 3426 686 3488 Praeterea
701 3444 808 3489 omnes
822 3429 907 3504 licet,
924 3429 977 3504 qui
988 3429 1018 3488 in
1030 3429 1085 3488 ista
