2364 3840
110 178 174 241 306
409 184 441 241 L.
464 184 609 243 adnatat
630 184 806 245 SENECAE

111 342 145 394 ut
165 335 243 394 solri
265 334 424 410 vitiarique
447 352 507 395 non
529 338 643 410 possin
671 336 763 396 habet
783 346 882 397 tamen
902 337 1093 412 spiramenta

114 419 264 493 quaedam
281 426 310 477 et
326 420 415 493 quasi
431 420 596 493 fenestras,
620 436 675 494 por
691 436 767 494 quas
781 436 820 479 ex
836 427 922 496 parte
937 425 1093 484 exteriore

113 501 367 562 mundi'inssuant
389 503 489 576 ignee,
511 518 572 562 non
596 512 655 563 tam
670 503 785 576 magni,
806 512 840 563 nt
857 503 1002 565 interiora
1018 522 1091 566 con-

112 585 242 645 turbent.
271 602 378 645 rursns
399 601 437 645 ex
459 586 572 645 mundo
594 587 623 645 in
645 585 797 645 exteriora
813 586 963 647 labuntur.
986 589 1092 665 itaque

112 668 204 741 haec,
228 684 307 744 quae
323 676 444 743 praeter
456 669 708 729 consuetudinem
720 670 881 744 adparent,
901 669 1093 733 influxerunt

112 768 151 811 ex
167 753 216 811 iila
232 754 309 812 uttra
325 754 469 811 mundum
486 753 603 811 iacente
618 754 751 812 materia.

86 852 98 902 1
174 836 252 894 xtv.
277 837 439 894 Solvere
461 837 536 895 ista
560 836 652 912 quid
675 836 780 896 aliud
800 844 861 897 est
880 853 992 912 quam
1015 856 1090 900 rna-

113 936 196 979 num
226 933 412 977 exercerc
440 927 476 978 et
501 921 535 978 in
562 928 714 980 ventum
736 920 885 980 iactare
907 921 1093 982 brachia?

113 1003 212 1061 Velim
233 1010 329 1060 tamen
353 1001 423 1060 mitri
439 1002 520 1062 dicat
535 1005 606 1077 istc,
630 1005 682 1079 qni
699 1004 886 1065 mundatam
903 1005 992 1064 firma
1007 1006 1090 1066 tacu·

113 1084 197 1143 naria
213 1085 362 1159 inposuit,
378 1085 451 1160 quid
468 1086 521 1160 sit,
536 1103 631 1162 qnare
644 1088 805 1149 credamus
816 1086 873 1160 itti,
888 1094 1004 1148 tantam
1017 1106 1091 1149 esse

113 1169 345 1229 crassitudinem
361 1171 447 1229 coeti.
470 1171 542 1245 quid
560 1171 659 1242 tuerit,
677 1171 759 1245 quod
772 1169 823 1230 itto
837 1178 896 1230 tam
908 1172 1011 1231 solida
1022 1189 1090 1233 cor-

83 1267 189 1327 opora
216 1253 382 1313 adduceret
407 1261 437 1312 et
463 1253 503 1312 ibi
529 1254 698 1314 detinerett
732 1254 850 1314 Deinde
875 1255 960 1328 quod
987 1263 1090 1316 tantae

113 1335 325 1397 crassitudinis
341 1344 403 1410 est,
423 1353 552 1398 necesse
565 1344 612 1398 est
627 1343 657 1396 et
669 1336 770 1412 magni
781 1336 928 1412 ponderis
940 1339 988 1397 sit.
1012 1357 1089 1414 quo-

112 1422 203 1480 modo
219 1436 293 1494 ergo
310 1422 338 1479 in
350 1436 467 1480 summo
481 1428 602 1479 manent
612 1420 738 1494 gravia?
759 1420 915 1495 quomodo
927 1421 978 1480 ilia
989 1424 1090 1483 motcs

113 1520 171 1563 non
194 1504 354 1563 descendit
374 1512 403 1562 et
423 1520 457 1563 se
479 1520 571 1563 onere
592 1520 648 1564 suo
670 1504 806 1579 frangit?
832 1502 997 1563 desierim
1025 1522 1088 1564 non

114 1596 228 1662 potest,
252 1595 284 1646 ut
304 1593 386 1646 tanta
412 1587 459 1645 vis
485 1586 646 1661 ponderis,
678 1595 820 1662 quantam
844 1588 895 1647 iiie
920 1586 1089 1661 substituit,

83 1671 244 1744 spendeat
260 1677 289 1728 et
306 1669 423 1728 levibus
435 1670 538 1728 innixa
550 1671 596 1730 sit.
626 1671 670 1728 Ne
682 1671 755 1730 iilud
767 1670 890 1744 quidem
902 1677 1005 1745 potest
1017 1672 1089 1748 dici,

112 1751 303 1812 extrinsecus
325 1768 396 1812 esse
417 1755 518 1829 aliqua
539 1752 724 1827 retinacula,
748 1754 860 1829 quibus
881 1754 992 1813 cadere
1015 1771 1088 1830 pro-

113 1836 258 1896 hibeatur.
281 1852 337 1895 nec
349 1853 456 1896 rursus
468 1838 506 1897 de
518 1837 618 1896 medin
630 1837 745 1912 aliquid
757 1851 828 1896 esse
840 1836 984 1911 oppositi,
1002 1839 1088 1912 quod

113 1921 263 1982 inminens
288 1936 401 1995 corpus
427 1921 559 1996 excipiat
584 1928 635 1980 aut
658 1918 769 1980 iniciat.
809 1919 886 1979 lilud
911 1920 1088 1981 etiamnunc

114 2020 201 2062 namo
219 2005 320 2063 dicere
335 2003 472 2075 audebit,
493 2005 636 2063 mundum
654 2004 723 2062 terri
738 2018 794 2078 per
808 2003 1022 2064 inmensumct
1036 2020 1086 2065 ca-

112 2088 185 2145 dere
201 2087 338 2160 quidem,
360 2087 414 2145 sed
432 2103 490 2146 non
507 2088 655 2162 adparere
669 2104 706 2146 an
723 2087 826 2159 cadat,
846 2086 919 2161 quia
933 2087 1086 2163 praecipi-

113 2169 183 2228 tatio
200 2168 266 2227 eius
281 2176 405 2227 aeterna
420 2178 480 2241 est,
504 2169 576 2228 nihii
591 2170 707 2230 habens
721 2169 935 2244 novissimum,
955 2168 986 2229 in
1000 2171 1086 2244 quod

81 2252 251 2311 tincurrat.
285 2252 352 2310 Hoc
373 2252 494 2325 quidem
516 2252 555 2310 de
575 2261 655 2313 terra
670 2253 828 2327 dixerunt,
850 2268 918 2313 cum
934 2252 1086 2313 rationem

112 2335 222 2393 nuttam
240 2334 422 2406 invenirent,
446 2343 677 2411 propterquam
700 2337 822 2411 pondus
842 2338 872 2395 in
893 2338 965 2397 aere
980 2343 1084 2397 staret.

111 2417 250 2493 ‚,Fertur,
270 2416 424 2492 inquiunt,
448 2434 587 2495 semper:
617 2421 671 2480 sed
694 2435 754 2478 non
775 2420 904 2494 adparet
922 2434 961 2479 an
984 2420 1084 2490 cadat,

112 2502 180 2577 quia
196 2501 343 2562 infinitum
359 2510 421 2575 est,
442 2501 472 2562 in
484 2504 567 2578 quod
583 2505 692 2563 cadit.“
728 2502 807 2576 Quid
819 2502 1005 2575 estdeindc,
1021 2519 1085 2577 quo

111 2586 225 2660 probes
246 2603 305 2646 non
329 2587 462 2661 quinque
482 2593 596 2645 tantum
618 2588 722 2647 stelias
740 2586 870 2659 moveri,
893 2585 951 2645 sed
972 2587 1085 2645 mattas

111 2686 181 2729 esse
205 2678 234 2729 ct
252 2671 281 2728 in
299 2669 399 2730 multis
415 2671 518 2730 mundi
533 2668 730 2744 regionibusa
756 2675 808 2729 aut
823 2668 849 2729 si
864 2668 924 2729 hoc
938 2667 1008 2727 sine
1021 2669 1084 2729 utto

111 2753 258 2827 probabili
280 2760 458 2827 argumento
480 2753 550 2812 ticet
569 2754 773 2829 respondere,
801 2751 959 2827 quidest,
989 2767 1086 2827 quare

110 2851 169 2893 non
191 2837 301 2911 aliquis
319 2844 370 2895 aut
392 2853 498 2896 omnes
520 2838 623 2897 stelias
644 2836 759 2896 moveri
780 2842 832 2895 aut
852 2836 964 2895 nuliam
983 2835 1086 2894 dicatt

110 2918 269 2978 Praeterea
289 2919 362 2979 nihii
383 2927 412 2979 te
434 2919 556 2980 adiuvat
575 2921 634 2981 ista
650 2921 802 2980 stellarum
815 2918 932 2994 passim
947 2918 1085 2979 euntium

111 3001 206 3062 turba.
238 3019 307 3061 nam
330 3020 391 3079 quo
411 3004 517 3078 plures
539 3005 661 3078 fuerint,
683 3003 808 3077 saepius
825 3003 853 3061 in
869 3000 993 3076 aliquas
1009 2998 1084 3060 inci-

111 3087 197 3144 dent:
220 3088 279 3143 rari
295 3095 394 3146 autem
411 3095 546 3146 cometae
561 3094 591 3146 et
606 3087 645 3146 ob
659 3086 719 3145 hoc
734 3083 887 3145 mirabiles
902 3090 985 3145 sunt.

83 3181 95 3231 1
172 3168 236 3227 XV.
266 3168 356 3241 Quid,
381 3171 462 3241 qnod
484 3170 684 3231 testimonium
706 3170 787 3229 dicet
808 3174 914 3228 contm
933 3174 964 3227 te
984 3167 1087 3227 omnis

111 3258 209 3323 aetas,
231 3267 310 3326 quae
324 3249 427 3309 tatium
443 3255 594 3313 stellarum
612 3262 736 3314 exortus
757 3260 788 3312 et
809 3250 967 3311 adnotavit
987 3257 1083 3326 etpo-

110 3336 199 3395 steris
214 3335 357 3394 tradidit?
390 3333 463 3394 Post
475 3344 599 3395 mortem
611 3335 751 3397 Demetrii
765 3335 875 3413 Syriae
885 3334 979 3409 regis,
996 3335 1085 3394 cuius

109 3419 279 3479 Demetrius
294 3423 324 3477 et
338 3416 506 3476 Antiochus
521 3418 606 3479 liberi
622 3421 720 3494 suere,
743 3421 835 3493 paulo
851 3423 921 3477 ante
932 3416 1085 3477 Achaiam
