2364 3840
388 331 420 410 b.
446 329 584 415 Addidi
610 327 780 414 tutrtttt

447 481 497 532 An
526 480 718 535 LUCILIUM

91 597 540 701 nnrrtttttttt
588 598 1072 704 tonnstttttttttt

480 762 613 824 LIBER
641 764 678 825 tt.
1039 787 1046 796 ··

514 919 644 930 --·-—..-

153 1044 176 1101 Ι.
200 1039 304 1102 Omnis
325 1041 364 1102 de
382 1043 527 1102 universo
545 1024 683 1117 quaestio
699 1044 727 1103 in
745 1045 905 1118 coelestia,
921 1043 1070 1119 subiimia,
1087 1053 1100 1102 1

91 1133 213 1186 terrena
225 1123 378 1200 dividitur.
406 1125 506 1185 Prima
528 1141 601 1202 pars
615 1134 751 1185 naturam
770 1126 904 1187 siderum
920 1136 1072 1188 scrutatur

89 1217 122 1270 et
131 1208 369 1284 magnitudinem
384 1217 414 1269 et
428 1211 555 1269 sormam
566 1210 688 1284 ignium,
705 1208 816 1286 quibus
830 1211 961 1269 mundus
976 1211 1070 1271 inolu-

90 1292 190 1367 ditur,
215 1291 387 1352 solidumne
407 1293 447 1352 sit
467 1295 585 1354 coelum
600 1307 636 1352 ac
651 1293 756 1353 firmae
771 1301 993 1368 concretaeque
1008 1309 1071 1353 ma·

90 1376 187 1437 teriae
209 1392 246 1435 an
268 1390 307 1434 cx
331 1375 432 1435 subtili
453 1375 599 1452 tenuique
613 1391 740 1450 nexum,
756 1385 863 1451 agatur
879 1392 915 1435 an
932 1385 1016 1450 agat,
1041 1382 1072 1435 et

89 1459 169 1519 inira
184 1474 256 1519 sese
270 1459 372 1518 sidera
391 1459 503 1519 habeat
517 1475 554 1518 an
569 1463 599 1522 in
614 1467 759 1521 contextu
774 1460 822 1520 sui
837 1460 908 1532 fixa,
925 1459 1070 1534 quemad-

89 1543 301 1604 modum-anni
315 1541 400 1601 vices
415 1550 525 1616 servet,
541 1545 638 1604 solem
651 1553 732 1605 retro
747 1543 859 1619 flectat,
874 1551 975 1608 cetera
987 1543 1071 1602 dein·

87 1626 299 1703 cepssimiiiu.
328 1624 471 1686 Secunda
491 1641 563 1701 pars
584 1634 691 1687 tractat
710 1630 787 1689 inter
807 1630 926 1688 coetum
946 1635 1103 1699 terram-2

87 1725 152 1786 que
165 1710 329 1769 versantia.
355 1709 403 1767 bic
418 1717 489 1769 sunt
502 1709 620 1784 nubila,
636 1712 763 1784 imbres,
786 1712 872 1773 nives
888 1719 997 1785 [terrae
1009 1727 1069 1772 mo

88 1800 150 1867 tus,
163 1793 311 1870 fulgores]

223 1903 225 1907 ¹
279 1885 307 1938 et
319 1877 466 1936 romanos
479 1884 595 1937 motura
609 1881 738 1939 tonitrua
748 1883 865 1947 mentes,

88 1975 304 2036 quaecumque
324 1976 377 2019 aer
399 1960 471 2018 iacit
491 1961 650 2036 patiturve.
677 1960 754 2020 haec
776 1960 916 2020 sublimia
930 1958 1069 2032 dicimus,

89 2045 165 2119 quia
177 2042 305 2103 editiora
319 2044 386 2103 imis
402 2050 482 2102 sunt.
515 2044 614 2105 Tertia
635 2044 685 2104 ilia
705 2060 777 2119 pars
793 2043 832 2102 de
847 2043 950 2117 aquis,
972 2042 1069 2115 terris,

87 2127 240 2201 arbustis,
254 2128 329 2187 satis
345 2127 464 2202 quaerit
478 2135 521 2201 et,
536 2136 569 2189 ut
584 2129 869 2189 iurisconsultorum
884 2128 978 2188 verbo
994 2134 1069 2199 utar,

92 2210 134 2273 de
149 2211 301 2284 omnibus
319 2226 418 2285 quae
433 2212 518 2274 solo
536 2213 791 2275 continentur.
819 2211 1010 2287 „Quomodq
1025 2211 1102 2274 in·³

89 2295 177 2370 quis,
204 2295 242 2356 de
267 2303 415 2356 terrarum
434 2302 519 2355 motu
540 2297 750 2369 quaestionem
777 2311 814 2356 eo
836 2297 966 2370 posuisti
990 2297 1070 2367 loco,

88 2393 153 2456 quo
175 2377 213 2436 de
234 2377 395 2440 tonitribus
409 2378 640 2455 fulgoribusque
655 2380 789 2440 dicturus
811 2385 893 2438 est“
916 2378 988 2454 quia
1002 2393 1070 2437 cum

90 2467 191 2521 motus
207 2468 306 2520 terrae
322 2462 428 2535 spiritu
446 2461 533 2535 fiant,
555 2462 679 2537 spiritus
694 2470 793 2522 autem
809 2477 861 2520 aer
877 2463 915 2521 sit
929 2460 1068 2534 agitatus,

88 2545 208 2608 etiamsi
223 2545 305 2607 subit
318 2552 430 2618 terras,
452 2562 512 2604 non
528 2544 569 2605 ibi
586 2547 773 2619 spectandus
790 2551 851 2603 est:
876 2544 1025 2618 cogitetur
1039 2543 1069 2600 in

88 2644 129 2690 ea
143 2628 227 2700 sede,
244 2628 273 2687 in
291 2644 352 2703 qua
366 2627 448 2687 ilium
464 2636 572 2689 natura
586 2627 749 2703 disposuit.
777 2625 892 2700 Dicam,
910 2625 993 2701 quod
1007 2641 1102 2696 ma-4

87 2711 137 2786 gis
151 2710 259 2771 mirum
274 2711 440 2772 videbitnrz
462 2710 540 2772 inter
554 2711 700 2772 coelestia
714 2717 744 2771 et
758 2710 797 2768 de
810 2717 890 2771 terra
905 2709 1068 2771 dicendum

87 2795 155 2857 erit·
193 2794 365 2871 „Quaretf‘
385 2795 496 2869 inquis.
527 2795 598 2870 quia
617 2811 686 2854 cum
707 2794 831 2870 propria
850 2799 948 2854 terrae
968 2793 1067 2868 ipsius

88 2875 260 2939 excutimus
277 2893 334 2941 suo
350 2878 435 2951 loco,
457 2885 556 2939 utrum
578 2878 639 2937 lata
654 2878 693 2937 sit
706 2885 737 2937 et
752 2876 921 2952 inaequalis
936 2884 966 2937 ct
978 2892 1067 2937 enor-

89 2959 176 3021 miter
198 2960 335 3035 proiecta
355 2977 394 3021 an
415 2968 479 3023 tota
497 2962 526 3023 in
548 2962 675 3021 iormam
696 2961 777 3037 pilae
798 2958 916 3035 spectet
931 2961 1003 3020 etin
1020 2977 1067 3021 or·

89 3043 159 3102 bem
182 3052 284 3117 partes
300 3059 373 3106 suas
389 3041 491 3119 cogat,
513 3044 626 3119 adliget
639 3060 737 3119 aquas
752 3060 791 3103 an
807 3045 895 3122 aquis
911 3045 1068 3119 adligetur,

89 3127 158 3200 ipsa
172 3127 283 3186 animal
297 3128 388 3189 sitan
405 3142 517 3202 corpus
532 3129 615 3188 iners
630 3135 660 3188 et
671 3127 738 3189 sine
749 3144 852 3203 sensu,
868 3131 992 3202 pienum
1003 3127 1070 3208 qui·

89 3210 158 3268 dem
174 3211 312 3284 spiritus,
329 3211 385 3271 sed
400 3211 505 3285 otieni,
522 3219 551 3271 et
563 3219 664 3272 cetero
677 3211 867 3286 huiusmodi,
884 3211 1025 3288 quotiens
1040 3209 1070 3267 in

89 3307 198 3352 manus
214 3295 366 3368 venerint,
386 3301 495 3354 tetram
512 3303 682 3371 sequuntur
696 3303 725 3355 et
739 3296 768 3354 in
782 3295 848 3355 imis
864 3293 1070 3359 conlocabun-
