2346 3832
255 185 396 246 NnTltR.
412 185 574 260 QUAEST.
597 187 669 246 ΜΒ.
680 189 718 245 v.
743 197 783 248 15.
801 198 842 252 lo.
971 191 1034 256 aba

99 342 203 402 Eurus
217 340 264 400 ad·
272 337 420 399 Auroram
433 340 645 414 Nabataeaque
658 359 753 416 repaa
767 348 888 405 recessit

101 425 286 498 Persidaque
299 430 328 482 et
339 424 436 483 radiis
448 427 520 498 iupa
534 425 651 485 subdita
665 429 824 487 matutinis.
890 480 891 483 ,

109 510 220 584 Vesper
233 513 263 566 et
274 508 395 567 occiduo
409 524 485 580 quae
499 511 588 569 litora
602 513 661 568 sote
676 516 833 584 tepescunt,

100 593 246 653 Proxima
260 598 328 651 suat
341 591 489 666 zephyris.
524 592 675 667 Scythiam
688 600 854 668 septemque
868 599 976 658 aiones

101 675 247 748 Horrifer
260 677 369 734 inuasit
380 674 500 735 bareas:
521 681 674 736 contraria
689 680 773 738 tellus

100 760 233 819 Nubibus
246 759 382 818 adsiduis
391 762 549 833 pluvioque
563 762 705 822 madescit
718 762 755 821 ab
768 768 880 822 austro.

57 845 120 905 Vel
138 842 164 902 si
184 841 311 901 brevius
331 842 399 901 illos
418 844 569 917 conplecti
583 845 694 917 mavis,
717 844 748 903 in
763 861 854 906 unam
869 850 1061 919 tempesta-b

59 935 133 997 tem,
158 925 241 999 quod
257 925 339 984 nullo
355 925 447 985 modo
463 925 529 986 lieri
545 934 658 1000 potest,
683 935 936 1008 congregentur:¹

99 1027 163 1071 aaa
176 1010 335 1083 Eurusque
348 1009 495 1084 Notusque
509 1017 601 1070 ruunt
612 1012 772 1086 creberque
783 1016 922 1088 procellis

98 1093 224 1166 Africus

58 1187 100 1249 et,
124 1175 177 1252 qui
192 1178 292 1236 loeum
307 1175 335 1234 in
352 1176 402 1234 illa
418 1192 519 1251 pugna
534 1191 594 1234 non
610 1175 729 1247 habuit,
749 1179 872 1253 Aquilo.
906 1177 1063 1250 Quideme

58 1260 130 1321 illos
143 1256 307 1319 duodecim
329 1259 455 1319 laeiunt=
480 1268 610 1334 quatuor
624 1261 704 1319 enim
719 1261 797 1320 coeli
811 1269 914 1336 partes
930 1261 960 1319 in
975 1269 1032 1320 ter-

58 1361 119 1404 nas
137 1344 275 1404 dividunt
295 1349 325 1402 el
341 1343 468 1418 singulis
481 1343 581 1404 ventis
596 1344 685 1405 binos
703 1344 935 1418 subpraeseetos
951 1345 1032 1403 dant.

58 1429 123 1488 Hae
136 1435 200 1488 orte
209 1427 318 1499 Varro,
333 1429 379 1486 vir
390 1427 534 1502 diligens,
550 1428 618 1488 illos
631 1428 763 1501 ordinat,
779 1444 836 1487 nec
849 1428 916 1488 sine
930 1442 1032 1486 causa.

58 1529 118 1573 uon
140 1511 220 1570 enim
241 1510 350 1570 eodem
364 1513 433 1571 loco
451 1527 574 1587 semper
590 1513 637 1570 sol
654 1512 748 1572 oritur
762 1519 814 1572 aut
829 1511 953 1584 occidit,
977 1511 1034 1570 sed

58 1597 136 1656 alius
158 1601 206 1655 est
217 1601 309 1654 >ortus
328 1610 521 1669 occasusque
536 1595 783 1670 aequinoctialis,
805 1596 852 1656 bis
868 1603 967 1656 autem
983 1611 1033 1654 ae-

60 1679 245 1755 quinoctium
266 1685 327 1751 est,
357 1678 434 1737 alius
460 1679 642 1752 solstitialis,
673 1682 750 1740 alius
776 1681 930 1740 hibernus.
978 1678 1063 1752 ouis

57 1763 155 1837 surgit
175 1761 213 1820 ab
235 1762 350 1822 oriente
365 1760 593 1835 aequinoctiali,
616 1763 853 1823 subsolanus
877 1762 960 1838 apud
975 1779 1032 1823 nos

57 1848 181 1919 dieitur,
207 1845 314 1905 Graeci
334 1845 416 1905 illurn
446 1847 673 1921 aphelioten
702 1854 822 1906 vocent.
856 1847 894 1905 ab
916 1845 1033 1905 oriente

57 1930 184 1990 hiberno
201 1945 316 1989 eurus
331 1929 407 2002 exit,
423 1946 514 2004 quem
526 1930 621 1990 nostri
635 1945 786 1989 vocavere
804 1930 1032 1988 volturnum.

57 2022 87 2073 et
104 2013 209 2072 Livius
232 2013 290 2072 hoe
311 2013 393 2072 illum
409 2014 530 2074 nomine
545 2014 678 2087 adpellat
692 2012 721 2072 in
738 2013 788 2071 illa
806 2027 907 2086 pugna
921 2011 1031 2069 Roma-

57 2099 105 2156 nis
126 2113 233 2171 parum
254 2113 419 2171 prospera,
448 2097 477 2155 in
500 2114 561 2171 que
580 2096 731 2156 Hannibal
751 2102 781 2154 et
805 2103 911 2156 eontra
935 2095 1032 2153 solem

57 2181 205 2241 orientem
224 2180 390 2240 exercitum
411 2188 547 2241 nostrum
564 2189 594 2240 et
612 2188 717 2239 contra
730 2186 853 2239 ventum
869 2178 1031 2249 constituit

55 2273 116 2324 tum
133 2264 215 2323 venti
230 2260 379 2323 adiutorio
395 2281 432 2324 ae
447 2264 574 2338 fulgoris
591 2264 840 2338 praestringentis
856 2266 963 2324 oculos
977 2262 1031 2322 ho·

57 2349 147 2408 stium
166 2348 247 2407 vicit.
282 2349 381 2408 Varro
405 2364 530 2423 quoque
551 2349 610 2409 hoc
631 2365 743 2409 nomen
765 2356 902 2423 usurpet.
932 2346 988 2406 sed
1004 2353 1035 2404 et

56 2447 172 2492 eurus
197 2432 255 2490 iarn
279 2431 398 2491 civitate
419 2433 549 2492 donatus
571 2440 619 2492 est
639 2440 669 2492 et
688 2439 794 2491 nostro
816 2429 949 2490 sermoni
970 2443 1031 2486 non

54 2521 207 2590 tanquam
230 2514 347 2575 alienus
368 2516 537 2576 intervenit.
567 2516 605 2575 ab
621 2516 736 2576 oriente
753 2512 903 2573 solstitiali
918 2511 1030 2569 excite-

55 2605 117 2657 tum
137 2598 304 2659 uatuiau
326 2598 433 2658 Graeci
455 2599 624 2675 adpellant,
647 2597 730 2673 apud
752 2612 809 2655 nos
827 2594 893 2655 sine
910 2593 1032 2653 nomine

55 2689 111 2740 est.
148 2681 391 2756 aequinoctialis
415 2684 559 2743 occidens
589 2681 785 2742 favonium
813 2678 912 2751 mittit,
941 2687 1060 2751 quenus

55 2766 225 2843 zephyrum
240 2781 312 2824 esse
327 2766 429 2828 dicent
443 2766 495 2825 tibi
511 2767 615 2839 etiam,
638 2765 690 2840 qui
706 2763 821 2823 Graece
836 2760 976 2822 nesciunt
986 2763 1030 2821 lo-

55 2849 116 2922 qui.
140 2866 158 2909 a
173 2849 325 2909 solstitiali
340 2851 499 2910 occidente
519 2865 633 2910 eorus
654 2848 749 2920 venit,
773 2847 825 2921 qui
842 2847 924 2921 apud
938 2862 1030 2921 quos-

55 2932 124 2991 dam
140 2940 321 3007 argestes
345 2932 467 2994 dieitur:
490 2932 562 2993 mihi
575 2951 635 2994 non
651 2931 780 3005 videtur,
801 2930 873 3005 quia
888 2930 952 2991 cori
967 2930 1028 2989 vio-

54 3017 134 3076 lenta
147 3017 194 3077 vis
211 3023 258 3076 est
273 3023 303 3075 et
317 3017 347 3076 in
362 3034 453 3078 unam
467 3026 584 3093 partem
599 3033 713 3095 rapax,
734 3024 871 3090 argestes
883 3016 947 3076 sere
957 3012 1031 3072 mol-

53 3099 90 3158 lis
111 3108 158 3161 est
178 3109 209 3162 et
229 3107 290 3159 tam
305 3101 446 3162 euntibus
465 3106 636 3164 communis
652 3117 743 3176 quam
757 3098 965 3160 redeuntibus.
994 3093 1049 3151 ab‘

54 3184 214 3244 occidente
235 3182 363 3244 hiberno
390 3186 541 3246 alricus
564 3185 748 3248 furibundus
768 3190 799 3244 et
819 3198 928 3252 ruens,
950 3173 1031 3250 opud

54 3266 190 3328 Graecos
213 3268 292 3341 lips
315 3267 433 3328 dieitur.
469 3269 497 3326 A
519 3267 761 3343 septemtrionali
783 3269 876 3326 latere
897 3259 1060 3353 summust}

52 3360 100 3410 est
123 3349 275 3426 aquilo,
303 3353 422 3411 medius
445 3354 694 3426 septemtrio,
720 3352 797 3410 imus
820 3348 1031 3428 thrasciast

51 3432 121 3495 huic
137 3437 228 3496 deest
238 3434 320 3507 apud
334 3451 390 3494 nos
403 3435 596 3496 vocabulum.
628 3438 658 3497 A
670 3432 836 3492 meridiano
848 3441 906 3486 axe
921 3432 1030 3480 euro-
