2364 3840
175 179 238 243 loa
455 181 488 240 L.
508 182 655 241 ANNAEI
675 181 851 243 SENECAE

177 341 247 410 [est]
264 336 440 396 existimare
455 343 507 395 aut
522 333 666 395 decidere
677 336 782 395 stellas
795 342 847 397 aut
857 332 1029 396 transsilirc
1040 336 1143 397 autali

136 432 169 486 ιο
176 421 248 495 quid
263 418 322 479 illis
338 420 451 479 auferri
466 427 496 479 et
510 418 632 477 abradi:
654 435 722 477 narn
738 418 765 477 si
780 417 839 479 hoc
855 418 978 494 luisset,
997 427 1028 480 et
1040 419 1142 481 deluis

176 511 254 563 sent.
286 504 368 563 nulla
389 504 468 562 enim
483 519 545 562 nox
560 509 621 571 est,
647 518 708 577 qua
720 518 781 562 non
798 501 945 577 plurimae
959 503 1006 563 ire
1020 510 1051 563 et
1064 502 1093 562 in
1108 503 1143 562 di

61 606 67 621 ·
178 603 299 648 versum
320 586 481 646 videantur
503 586 627 645 abduci:
657 585 740 660 atqui
761 602 823 661 quo
844 587 923 646 solet
944 601 1089 662 quaeque
1107 588 1141 644 in·

176 672 296 730 venitur
316 671 395 729 loco.
428 668 602 743 magnitudo
626 686 682 728 sua
703 668 831 743 singulis
853 676 983 731 constat.
1016 670 1142 745 sequitur

177 770 266 828 ergo,
286 761 319 813 ut
333 753 411 811 inlra'
426 753 493 811 illas
510 753 567 811 ista
579 759 744 812 nascantur
756 759 786 812 et
797 753 856 814 cito
867 752 1067 827 intercidant,
1082 753 1140 828 quia

136 839 242 898 ltsine
265 837 461 896 fundamento
482 843 511 895 et
533 836 609 896 sede
630 843 713 895 certa
733 844 813 896 sunt
848 836 971 911 „Quare
997 851 1072 911 ergo
1090 851 1139 894 non

177 921 267 978 etiam
285 919 415 979 interdiu
431 920 697 979 transferunturt“
734 919 827 993 Quid,
849 922 876 979 si
891 920 980 980 dicas
991 922 1095 980 stellas
1105 918 1138 978 in·

177 1004 275 1063 terdiu
290 1019 349 1062 non
366 1018 454 1074 esse,
469 1003 612 1077 quianon
626 1003 795 1076 adparent?
817 1003 1073 1077 quemadmodum
1083 1004 1139 1061 illae

177 1088 270 1146 latent
289 1096 319 1147 et
343 1087 418 1148 solis
445 1088 562 1161 fulgore
583 1086 816 1158 obumbramur,
845 1087 891 1145 sic
916 1087 1003 1146 laces
1029 1100 1138 1161 quoque

177 1178 386 1230 transcurrunt
403 1178 433 1230 et
455 1172 599 1243 interdiu,
623 1170 680 1229 sed
694 1168 856 1230 abscondit
869 1170 936 1230 illus
951 1170 1054 1230 diurni
1067 1168 1137 1230 lumi-

178 1255 225 1313 nis
242 1255 372 1314 ularitas.
402 1255 428 1313 si
445 1255 567 1327 quando
583 1261 682 1314 tamen
699 1260 781 1313 tanta
797 1254 843 1313 vis
857 1252 997 1327 emicuit,
1017 1260 1052 1313 ut
1064 1252 1137 1313 etiam

177 1339 327 1399 adversus
343 1338 424 1397 diem
437 1338 592 1397 vindicare
607 1336 666 1396 sibi
681 1338 830 1411 fulgorem
842 1353 931 1399 suum
948 1337 1082 1412 possint,
1095 1333 1136 1394 ad·

135 1433 169 1485 12
177 1430 293 1496 parent.
327 1422 439 1482 Nostra
452 1428 534 1480 certe
548 1427 632 1480 netas
648 1437 709 1480 non
725 1420 820 1480 semel
834 1419 909 1481 vidit
920 1420 1049 1481 diurnas
1059 1421 1137 1489 laces,

177 1507 252 1565 alias
274 1505 311 1563 ab
328 1506 444 1563 oriente
465 1505 494 1562 in
516 1504 706 1564 occidentem
727 1520 850 1577 versas,
880 1504 956 1565 alias
978 1505 1018 1564 ab
1040 1517 1139 1566 occasu

177 1590 207 1648 in
230 1595 337 1648 ortum.
369 1594 579 1660 argumentum
602 1588 789 1662 tempestatis
807 1596 917 1648 nautae
938 1595 1061 1664 putant,
1082 1600 1139 1647 cum

177 1674 288 1729 multae
306 1673 496 1730 transvolant
510 1672 625 1731 stellae.
649 1670 732 1745 quod
748 1672 774 1731 si
788 1679 950 1733 ventorum
964 1672 1083 1747 signum
1093 1677 1139 1741 est

177 1753 219 1813 ibi
235 1761 295 1825 est,
319 1754 399 1813 unde
415 1755 497 1814 venti
513 1760 597 1827 suut,
621 1755 652 1813 id
666 1761 714 1814 est
728 1755 757 1813 in
773 1758 859 1828 abre,
876 1756 929 1830 qui
943 1756 1064 1816 medius
1074 1754 1140 1814 iuter

137 1839 170 1892 13
178 1840 279 1896 lunam
294 1845 325 1897 et
339 1844 435 1898 terras
451 1844 507 1898 est.
541 1839 574 1899 ln
591 1854 700 1912 magna
710 1844 891 1914 tempestate
901 1840 1053 1914 adparere
1064 1836 1140 1915 quasi

178 1923 284 1981 stellae
307 1924 407 1982 solent
427 1924 496 1981 velo
518 1922 694 1981 insidentes.
728 1921 867 1982 adiuvari
886 1938 922 1982 se
943 1930 1017 1983 tune
1033 1921 1140 1999 pericli-

177 2013 276 2065 tantes
300 2004 473 2065 existimant
486 2005 619 2065 Pollucis
634 2013 664 2065 et
681 2005 816 2066 Castoris
831 2006 963 2066 numine.
990 2022 1087 2067 causa
1098 2020 1141 2065 au·

177 2097 237 2147 tem
252 2089 386 2148 melioris
403 2088 470 2162 spei
485 2094 545 2159 est,
563 2088 647 2162 quod
661 2091 721 2147 inm
735 2089 862 2164 adparet
877 2090 975 2164 lrangi
988 2096 1141 2165 tempesta·
1175 2118 1179 2129 ·

176 2179 237 2230 tem
252 2178 282 2229 et
297 2171 437 2230 desinere
452 2178 576 2230 ventos:
598 2172 734 2247 alioquin
751 2174 900 2233 ferrentur
910 2173 1016 2247 ignes,
1032 2189 1093 2233 non
1103 2187 1142 2232 se
1175 2226 1178 2233 .

136 2253 293 2312 lederent.
335 2254 467 2330 Gylippo
484 2253 657 2332 Syracusas
679 2256 791 2330 petenti
813 2256 879 2316 visa
893 2263 942 2316 est
955 2259 1045 2318 stella
1059 2268 1144 2331 super
1176 2302 1179 2309 .

176 2337 278 2411 ipsam
293 2337 431 2397 lanceam
449 2337 633 2399 constitisse.
652 2338 683 2398 in
696 2340 904 2400 Romanorum
919 2341 1030 2401 castris
1045 2341 1144 2401 ardere

177 2421 244 2479 visa
259 2427 330 2480 sunt
343 2421 419 2496 pila,
441 2421 563 2496 ignibus
577 2423 693 2482 scilicet
707 2425 737 2482 in
752 2422 804 2482 illa
818 2424 972 2498 delapsis,
992 2424 1047 2498 qui
1058 2438 1143 2497 saepe

176 2520 262 2565 more
278 2505 434 2564 fulminum
450 2506 612 2578 [animalia]
630 2505 721 2565 lerire
735 2505 836 2567 solent
850 2514 880 2567 et
895 2506 1030 2569 arbusta
1054 2507 1111 2569 sed
1123 2503 1143 2565 si

176 2591 294 2649 minore
315 2590 345 2648 vi
366 2597 505 2663 utuntur,
533 2588 671 2649 defluunt
699 2595 836 2663 [tantum]
857 2596 887 2650 et
912 2589 1064 2665 insident,
1092 2603 1143 2649 uon

176 2673 288 2732 feriunt
308 2688 364 2733 nec
379 2675 546 2733 vulnerant.
575 2671 625 2732 alii
643 2673 721 2733 inter
734 2672 832 2734 nubes
847 2674 1016 2749 eliduntur,
1038 2673 1091 2735 alii
1104 2687 1143 2735 aa

137 2763 266 2829 lareno,
288 2756 315 2815 si
337 2772 390 2815 aer
413 2758 452 2816 ad
473 2756 691 2832 exprimendos
709 2757 796 2831 ignes
811 2764 902 2832 aptus
917 2758 989 2818 luit:
1018 2771 1143 2819 uamse
1177 2814 1179 2819 .

176 2854 250 2897 reno
273 2855 397 2914 quoque
418 2842 505 2901 coelo
525 2840 690 2914 aliquando
707 2841 966 2902 tonatexeadem
982 2854 1144 2916 causaque
1177 2894 1179 2903 .

177 2922 297 2997 nubilo,
321 2927 392 2984 adre
406 2924 483 2984 inter
498 2940 533 2984 se
548 2925 676 2985 conliso.
706 2925 758 2998 qui
774 2924 893 2984 etiamsi
906 2931 956 2985 est
972 2926 1104 2987 lucidior
1114 2936 1144 2983 aa

177 3005 302 3079 siccior,
329 3009 411 3068 coire
430 3016 529 3068 tamen
552 3016 582 3069 et
601 3007 702 3067 iacere
723 3024 855 3082 corpora
874 3009 1028 3084 quaedam
1044 3007 1144 3070 similia
1177 3022 1179 3027 ·

176 3090 309 3149 nubibus
330 3098 446 3165 potest,
477 3109 557 3167 quae
579 3107 728 3167 percussa
743 3092 874 3152 reddant
894 3108 1017 3153 sonum.
1054 3093 1143 3167 uuan-

176 3174 281 3247 doque
302 3190 375 3249 ergo
400 3176 476 3235 fiunt
496 3176 615 3247 trabes,
640 3175 826 3250 quandoque
841 3175 932 3251 clipei
947 3183 978 3236 ct
996 3184 1143 3238 vastonm

177 3257 324 3331 imagines
345 3259 472 3333 ignium,
499 3260 550 3319 ubi
572 3261 601 3318 in
622 3262 712 3320 talem
732 3259 887 3320 materiam
913 3259 1023 3321 similis
1050 3256 1144 3325 incidit

178 3357 282 3413 causa,
309 3343 365 3401 sed
380 3343 485 3402 maior.

148 3433 162 3484 1
237 3426 273 3483 ll.
302 3426 513 3487 Videamus
540 3443 654 3503 nunc,
683 3426 1000 3504 quemadmodum
1026 3424 1141 3489 lictis
