2364 3840
121 152 184 215 222
397 152 430 211 L.
453 152 599 213 ANNAEI
622 151 797 212 SENECAE

89 305 292 377 enumerem,
315 302 367 378 qui
383 303 475 362 modo
495 301 655 362 diuturnus
673 307 735 371 est,
757 284 979 363 modssueuis.
1012 303 1092 379 Ergo

121 397 154 448 ut
170 388 199 446 in
216 386 397 461 corporibus
412 386 524 447 nostris
538 384 680 459 sanguis,
696 400 765 445 cum
779 400 931 459 percussa
945 394 994 447 est
1006 403 1091 463 vena,

121 472 233 531 tamdiu
245 478 362 543 rnunut,
378 469 476 529 donec
489 470 588 529 ornnis
600 467 719 529 effluxit
730 475 782 528 aut
792 469 893 529 donec
908 484 1007 531 venae
1019 473 1090 531 scis-

122 570 195 614 sura
208 554 349 614 subsedit
361 561 453 626 atque
465 551 632 612 interclusit
648 560 699 611 aut
712 552 815 627 aliqua
829 551 889 611 elia
905 567 1001 613 causa
1015 564 1092 615 retro

121 637 205 697 dedit
225 638 420 711 sanguinem:
442 636 483 695 ita
503 634 532 693 in
555 643 637 695 terra
656 635 764 695 solutIs
780 650 815 695 ac
832 635 994 709 patefactis
1008 640 1093 697 venis

90 715 204 780 6rlvus
224 728 276 780 aut
295 720 408 779 flumen
430 718 603 778 effunditur.
634 719 776 787 Interest,
800 725 916 795 quanta
933 729 1042 795 aperta
1057 723 1093 783 sit

120 819 213 875 vena,
229 803 411 878 quaemodo
424 808 697 876 consumptaeque
712 800 829 874 delicit,
843 802 938 864 medo
957 805 1092 865 exsicca-

119 894 167 946 tur
177 885 278 961 aliquo
292 885 513 961 inpedimento,
524 885 616 945 modo
629 886 690 945 coit
701 885 822 945 velutin
835 884 1010 947 cicatricem
1023 904 1091 950 con-

119 970 281 1044 primitque
308 986 399 1044 quam
421 970 604 1044 patefecerat
623 969 712 1029 vium.
746 969 838 1029 modo
853 969 906 1027 illa
919 970 969 1031 vis
984 977 1091 1041 terrae,

120 1069 211 1128 quum
226 1068 297 1113 esse
311 1052 485 1114 mutabilem
500 1053 647 1122 diximus
669 1050 781 1111 desinit
794 1066 891 1127 posse
906 1053 1051 1115 alimenta
1063 1056 1091 1113 iu

88 1136 103 1192 7
118 1136 276 1196 humorem
292 1144 481 1197 convertere.
501 1135 674 1210 Aliquando
691 1142 792 1195 autem
807 1134 962 1195 exhausta
975 1139 1091 1213 replen-

119 1227 166 1280 tur
182 1221 273 1281 modo
291 1237 393 1297 perse
406 1221 522 1281 viribus
537 1219 722 1291 recollectis,
743 1219 836 1280 modo
856 1218 983 1280 aliunde
996 1228 1089 1281 trans

119 1304 198 1364 latis.
231 1321 327 1380 saepe
348 1305 429 1365 enim
450 1302 552 1363 in'aniu
568 1302 710 1376 adposita
724 1302 823 1377 plenis
838 1301 1000 1365 humorem
1015 1304 1043 1363 io
1059 1320 1090 1363 se

119 1396 336 1450 avocaverunt.
373 1402 467 1461 saepe
488 1395 579 1457 terra,
608 1386 636 1445 si
656 1384 754 1445 lacilis
775 1393 823 1445 est
836 1387 867 1443 in
880 1386 999 1459 tabem
1026 1388 1108 1463 ipsa-

118 1473 247 1533 solvitur
264 1480 293 1530 et
310 1468 468 1530 humescit.
495 1468 605 1543 [saepe]
623 1468 703 1527 idem
715 1470 816 1528 evenit
827 1468 886 1529 sub
897 1476 994 1544 terra,
1010 1470 1087 1545 quod

118 1557 148 1613 iu
163 1554 311 1625 nubibus,
335 1558 368 1611 ut
382 1550 534 1625 epissetur
549 1554 641 1623 [uer],
663 1552 847 1627 graviorque
869 1568 962 1627 quern
983 1560 1087 1613 utma-

117 1652 190 1695 ncre
206 1637 304 1710 possit
316 1635 345 1693 in
363 1642 470 1695 natura
484 1650 555 1704 suo,
578 1634 681 1707 gignat
694 1634 862 1695 humorem.
895 1651 996 1712 saepe
1010 1638 1087 1697 eolli-

116 1720 194 1791 gitur
208 1718 288 1777 reris
301 1718 394 1779 modo
408 1716 506 1777 tenuis
527 1724 558 1777 et
578 1718 737 1792 dispersus
754 1719 874 1794 liquor,
896 1720 950 1794 qui
964 1735 1005 1779 ex
1018 1721 1087 1779 mul·

117 1799 155 1859 tis
170 1801 199 1859 in
214 1817 308 1861 unum
328 1803 405 1862 locis
427 1800 567 1862 confluit:
595 1801 775 1861 sudorem
793 1801 953 1877 aquileges
973 1810 1085 1873 vocant,

117 1885 189 1960 quia
203 1892 305 1960 guttae
320 1887 469 1960 quaedam
484 1887 531 1944 vel
546 1900 693 1960 pressura
704 1884 763 1945 loci
778 1886 930 1945 eliduntur
940 1887 993 1946 vel
1007 1894 1086 1947 aestu

84 1976 294 2030 devocantur.
326 1970 409 2029 Haec
436 1967 537 2029 tenuis
562 1969 643 2028 unda
670 1969 722 2026 vix
742 1969 819 2029 lonti
839 1968 970 2031 suflicit:
1002 1978 1035 2031 at
1052 1985 1085 2029 ex

116 2054 235 2128 magnis
257 2052 360 2113 causis
383 2053 563 2127 magnisque
588 2050 789 2126 conceptibus
809 2052 957 2113 excidunt
976 2068 1085 2125 amnes,

117 2150 335 2210 nonnunquam
355 2134 462 2193 leviter
477 2135 596 2204 emissi,
618 2135 644 2193 si
665 2150 746 2209 aqua
767 2136 907 2211 pondere
922 2151 958 2197 se
977 2144 1085 2197 tantum

117 2218 237 2287 detulit,
260 2233 478 2291 nonnunquam
503 2217 697 2278 vehementer
717 2226 747 2279 et
766 2234 835 2280 cum
852 2235 947 2295 sono,
970 2220 1085 2281 siillum

116 2301 242 2376 spiritus
257 2299 445 2359 intermixtus
461 2299 557 2359 eiecit.

86 2401 97 2452 l
176 2384 256 2443 XVI.
278 2382 380 2458 „Sed
402 2399 521 2457 quare
542 2384 696 2458 quidam
717 2385 1085 2449 lontesseuishoris

116 2468 221 2545 pleni
241 2468 433 2542 senisque
455 2469 550 2527 sicci
573 2474 704 2529 suntl“
726 2467 962 2544 Supervacuum
977 2478 1024 2533 est
1037 2485 1083 2529 nc·

115 2555 230 2614 minare
256 2553 377 2627 singula
402 2551 542 2625 flumina,
568 2567 648 2627 quae
672 2552 763 2613 certis
788 2552 948 2615 mensibus
973 2569 1084 2629 magna,

116 2639 206 2698 certis
219 2644 432 2712 augustaeum
445 2644 475 2696 et
489 2635 682 2696 occasionem
697 2635 826 2710 singulis
841 2652 1007 2713 quaerere,
1022 2650 1084 2697 cum

83 2724 232 2796 apossim
255 2721 393 2782 eamdem
410 2736 534 2781 causam
551 2719 590 2779 de
606 2719 747 2779 omuibus
761 2718 903 2779 reddere.
941 2718 1083 2795 Quemad-

114 2805 239 2864 modum
252 2812 399 2880 quartana
415 2806 453 2865 ad
466 2805 572 2864 horam
585 2803 681 2876 venit,
697 2802 957 2875 quemadmodum
968 2805 1006 2865 ad
1018 2810 1083 2864 tem·

115 2904 175 2962 pus
187 2888 325 2962 podagra
337 2890 519 2963 respondet,
535 2886 791 2962 quemadmodum
805 2887 963 2961 purgatio,
978 2888 1004 2947 si
1019 2885 1083 2946 nihil

116 2973 231 3043 obstat,
248 2979 389 3031 statutum
407 2973 486 3031 diem
502 2979 618 3041 servat,
636 2969 894 3045 quemadmodum
905 2976 1029 3046 praesto
1042 2975 1084 3028 est

116 3055 154 3115 ad
168 3069 301 3113 mensem
315 3071 402 3114 suum
418 3062 536 3129 partus:
549 3054 594 3113 sic
606 3069 705 3127 aquae
716 3052 873 3113 intervalla
886 3053 1009 3127 hubent,
1024 3051 1082 3128 qui·

114 3137 173 3197 bus
190 3154 224 3197 se
235 3137 390 3197 retrahant
401 3146 430 3197 et
442 3139 552 3213 quibus
563 3138 699 3196 redeant.
722 3138 871 3210 quaedum
886 3144 988 3199 autem
999 3136 1081 3197 inter·

115 3221 196 3282 valla
211 3228 281 3280 sunt
295 3222 413 3279 minora
427 3228 456 3280 et
471 3222 541 3287 ideo
557 3202 716 3300 uolubilia,
738 3219 888 3295 quaedam
902 3220 1019 3283 maiore
1031 3231 1081 3279 nec

83 3305 215 3365 eminus
231 3310 322 3365 certa.
344 3303 461 3378 Ecquid
477 3304 526 3363 hic
543 3305 652 3364 mirum
666 3312 727 3375 est,
744 3318 812 3367 cum
826 3303 936 3365 videas
953 3303 1079 3369 ordinem

116 3404 216 3449 rerum
232 3394 262 3449 et
276 3394 415 3449 naturam
431 3403 485 3462 per
501 3388 664 3448 constituta
683 3387 867 3462 procederes
889 3386 991 3451 hiems
1003 3400 1067 3447 num
