2364 3840
271 196 322 255 llll
344 192 558 257 BENEFlCllS
580 196 717 257 LlB.t⁷l.
739 207 870 261 rt-ts.
983 198 1045 263 115

64 364 152 411 mero
173 350 348 409 redemero=
368 346 441 407 nihil
463 349 590 409 debebis
605 350 692 423 mihi,
718 366 785 410 oum
800 359 830 410 te
846 353 991 413 servitute
1008 371 1044 414 ao

63 434 195 494 vineulis
211 433 402 493 liberavero?
422 434 506 508 atqui
521 448 590 492 mea
604 434 634 492 id
647 448 741 494 causa
758 435 875 495 faciam.
879 442 896 468 ‘⁴
925 437 1074 499 adver-l

64 533 123 578 sus
143 516 204 576 boc
225 515 438 592 respondebo
467 516 581 591 aliquid
603 516 670 576 istie
692 524 744 577 tue
764 533 859 578 eausa
880 521 971 593 lacis,
991 523 1044 580 ali-

64 600 141 676 quid
154 614 238 659 mea:
258 609 318 673 tua,
335 600 419 675 qnod
431 600 564 661 redimis
586 600 639 661 tibi
651 603 730 660 enim
743 603 782 660 ad
795 603 950 664 utilitatem
963 610 1044 663 tuam

63 681 142 745 satis
159 692 206 744 est
221 684 376 759 quoslibet
390 684 569 743 redemisse
592 685 695 760 itaque
710 684 808 746 debeo
825 666 886 746 n'on
900 688 984 762 quod
995 703 1029 747 re

63 768 156 828 dimis
176 783 240 841 me,
268 768 326 828 sed
350 767 434 842 (ltrod
449 768 546 841 eligis
576 775 698 843 poteras
715 770 794 828 enim
811 779 841 830 et
855 771 980 831 alterius
995 787 1043 830 re-

63 851 241 926 demptione
260 850 340 911 idem
361 854 510 926 consequi
526 853 609 926 quod
623 869 700 912 mea.
735 854 898 917 Utilitatem
912 854 958 915 rei
971 871 1041 929 per·

61 936 130 995 liris
150 948 269 994 mecum
285 942 316 994 et
330 948 378 994 me
397 935 426 994 ln
440 934 621 995 beneficium
637 937 750 1010 recipis
767 939 889 999 duobus
904 940 1041 1013 prolatu·

60 1034 141 1079 rum.
179 1018 316 1093 praeiens
343 1033 390 1078 me
417 1017 504 1077 aliis:
538 1019 597 1079 hoc
621 1025 716 1078 totum
743 1037 809 1081 mea
835 1038 930 1083 eausa
955 1023 1041 1083 lacis.

60 1103 172 1178 ltaque
195 1103 221 1161 si
242 1110 414 1177 praetorem
436 1110 465 1161 te
487 1102 603 1162 lactura
623 1110 707 1162 esset
728 1104 835 1164 decem
853 1106 1071 1180 captivorumtt

59 1186 252 1262 redemptio,
271 1186 378 1245 decem
394 1193 494 1245 autem
510 1186 567 1246 soli
583 1187 695 1260 captivi
708 1200 865 1260 essemus,
888 1205 976 1250 nemo
990 1190 1041 1250 tibi

61 1270 231 1346 quicquam
246 1270 371 1330 deberet
386 1285 425 1329 ex
441 1269 539 1342 nobis,
559 1269 631 1344 quia
643 1269 868 1344 nihil'haberes
881 1274 964 1346 quod
979 1274 1041 1331 cui-

61 1368 157 1430 quam
177 1354 334 1428 inputares
356 1369 374 1412 a
389 1360 442 1412 tue
456 1352 582 1413 utilitate
598 1354 768 1412 seductum.
799 1355 865 1416 Non
883 1372 950 1414 sum
966 1355 1041 1415 invi·

61 1439 123 1498 dus
143 1436 286 1497 beneficii
307 1436 458 1511 interpres
479 1452 536 1496 nec
556 1438 700 1497 desidero
726 1439 799 1498 illud
828 1438 900 1497 nrilri
928 1446 1040 1501 tantum

60 1521 145 1594 dari,
168 1520 225 1580 sed
239 1520 363 1581 etmihi.

126 1602 205 1663 XIV.
226 1603 328 1679 „Quid
341 1619 431 1678 ergo,
452 1604 562 1678 inquit,
584 1604 610 1663 si
625 1605 655 1663 in
672 1613 784 1665 sortem
801 1604 925 1666 nomina
940 1611 1068 1666 vestrel

60 1686 163 1749 oonici
176 1688 336 1748 iussissem
352 1696 381 1747 et
395 1696 480 1748 tuum
495 1704 604 1747 nomen
616 1689 694 1748 inter
704 1690 901 1751 redimendos
914 1690 1039 1763 exisset,

61 1771 137 1832 nihil
151 1771 282 1831 deberes
297 1771 416 1830 mihil“
440 1773 530 1830 immo
543 1772 702 1843 deberem,
722 1774 778 1830 sed
789 1775 942 1847 exiguum.
966 1774 1041 1849 quid

61 1854 182 1915 sithoc
204 1854 313 1914 dicam,
349 1855 475 1928 Aliquid
497 1855 563 1913 istie
583 1869 651 1912 mea
666 1870 761 1913 causo
776 1857 867 1928 lacis,
892 1858 974 1931 quod
992 1871 1068 1922 men

60 1938 103 1997 ad
121 1936 273 1999 fortunam
294 1937 513 2013 redemptionis
534 1937 682 1996 admittis:
706 1938 789 2012 quod
813 1952 923 1997 nomen
939 1954 1039 1998 meum

60 2021 150 2096 exiit,
173 2022 248 2084 sorti
271 2021 385 2095 debeo,
415 2022 498 2096 quod
514 2022 598 2080 exire
614 2021 725 2095 potuit,
747 2020 809 2080 tibi.
838 2022 953 2081 editum
967 2021 1039 2080 mihi

59 2107 101 2165 ad
121 2105 303 2166 beneficium
325 2114 410 2165 tuum
431 2105 555 2178 dedisti,
577 2105 662 2164 ouius
683 2104 828 2166 maiorem
846 2113 962 2181 partem
979 2106 1041 2166 ior·

59 2198 153 2250 lunae
173 2189 288 2261 debeo,
313 2189 369 2249 sed
390 2189 449 2250 hoe
465 2189 565 2263 ipsum
582 2187 649 2260 tibi,
673 2191 756 2263 quod
771 2190 911 2250 fortunae
926 2190 1039 2251 debere

58 2272 156 2348 potui.
190 2272 264 2333 Illos
279 2286 317 2332 ex
330 2281 393 2333 toto
406 2273 594 2348 praeteribo,
612 2288 741 2347 quorum
755 2276 974 2335 mercenarium
987 2275 1067 2334 bes

59 2354 204 2416 nelloium
219 2358 383 2430 est.·quod
397 2358 449 2431 qui
465 2357 529 2428 dal,
551 2373 612 2417 non
628 2366 774 2432 conputat
785 2359 849 2432 oui,
865 2359 921 2418 sed
935 2359 1037 2433 quanti

59 2441 189 2501 daturus
211 2440 264 2514 sit,
285 2441 370 2516 quod
384 2441 520 2515 undique
535 2442 565 2499 in
582 2456 617 2499 se
633 2454 817 2501 conversum
834 2449 888 2500 est.
926 2441 1040 2500 Vendit

58 2523 132 2583 mihi
156 2523 267 2599 aliquis
288 2525 478 2584 lrumenlum.
507 2525 611 2583 vivere
625 2539 687 2584 non
705 2539 835 2598 possum
851 2525 909 2583 nisi
924 2537 1037 2582 emero.

59 2608 192 2668 sednon
209 2607 308 2667 debeo
322 2608 429 2680 vitem,
452 2608 523 2681 quia
539 2608 607 2667 emi.
643 2607 705 2666 Neo
722 2622 814 2681 quam
830 2604 1067 2668 necessariuml

59 2692 150 2751 luerit
170 2691 315 2765 aestimo,
330 2692 406 2763 sine
428 2707 489 2766 quo
505 2692 642 2750 victurus
659 2706 718 2749 non
735 2689 792 2763 lui,
815 2689 872 2749 sed
887 2705 979 2764 quam
993 2690 1037 2750 in·

57 2783 194 2850 gratim,
219 2775 303 2849 quod
323 2791 385 2835 non
405 2775 581 2835 habuissem
603 2774 662 2832 nisi
684 2775 841 2845 emissem,
865 2774 895 2831 in
913 2790 974 2848 quo
993 2774 1037 2833 in-

57 2857 202 2918 vehendo
222 2867 373 2919 mereator
393 2875 455 2920 non
475 2859 635 2932 cogitavit,
660 2865 806 2932 quantum
829 2857 931 2918 auxilli
954 2859 1036 2918 adla-

56 2952 144 3003 turus
160 2949 249 3002 esset
258 2942 344 3015 mihi,
369 2943 425 3002 sed
441 2950 586 3019 quantum
604 2942 678 3000 lueri
694 2942 761 3001 sibi.
798 2940 887 3015 Quod
903 2943 961 3001 emi
977 2958 1036 3001 non

58 3025 169 3086 debeo,
240 3064 243 3069 -

118 3110 186 3169 XV.
215 3109 298 3183 „lslo
320 3111 428 3184 modo,
451 3108 561 3184 inquit,
584 3123 641 3169 nee
660 3108 780 3170 medico
802 3110 966 3184 quicquam
985 3110 1064 3168 de-1

58 3194 131 3254 bere
152 3200 183 3254 te
204 3193 261 3254 nisi
283 3194 486 3254 mercedulam
502 3193 579 3251 dicis
594 3208 651 3252 nee
667 3194 874 3268 praeceptori,
892 3193 969 3268 ,quia
983 3193 1036 3251 ali·

58 3278 133 3353 quid
147 3275 374 3339 numeraverisr
397 3277 481 3352 atqui
494 3277 627 3336 omnium
639 3277 748 3338 horum
761 3293 777 3335 a
782 3278 845 3351 pud
856 3293 913 3337 nos
927 3291 1036 3349 magna

57 3361 183 3435 caritas,
210 3376 322 3434 magna
344 3360 514 3420 reverentia
535 3364 613 3419 est.⁴‘
648 3361 809 3420 Adversus
832 3361 891 3421 hoc
906 3363 1065 3431 respona

58 3447 161 3519 detur,
176 3444 325 3520 quaedam
338 3445 435 3520 pluris
446 3458 617 3519 essequam
628 3450 776 3503 emuntur.
798 3445 903 3584 “¹¹3³
916 3438 1035 3499 medico
