2364 3840
277 203 419 265 NATUR.
436 203 599 277 QUAEST.
622 206 694 266 ΜΒ.
706 207 755 266 111.
778 216 911 271 ao-as.
1022 210 1084 273 227

103 353 291 430 quibusdam
305 352 438 414 videtur:
459 355 624 430 pastillum
636 371 676 414 ex
688 357 910 430 posterioribus
923 359 1083 434 coelestes,

102 453 181 512 quas
194 435 299 496 nubila
310 435 482 498 excutiunt=
498 453 537 497 ex
548 437 678 498 terrenis
691 440 768 498 aliae
781 446 865 513 sunt,
878 447 912 499 ut
923 441 963 500 ita
975 442 1082 515 dicam,

102 526 356 595 supernatantes,
387 521 517 596 quaein
539 538 657 581 summa
676 521 768 582 humo
789 532 913 598 repunt,
937 525 1014 583 aliae
1030 526 1081 585 ab·

102 604 199 677 ditae,
223 619 352 678 quarum
367 603 487 664 reddita
501 612 549 665 est
561 606 648 665 ratio.

162 686 272 747 XXIV.
296 686 622 763 puarequaedam
637 704 760 764 aquae
777 692 945 764 caleant,
965 704 1111 767 quae-l

101 771 187 830 dam
209 771 323 839 etiam
344 770 528 830 ferveant
552 772 582 831 in
601 779 731 846 tantum,
752 781 785 832 ut
799 790 858 833 non
876 775 996 849 possint
1011 791 1082 837 esse

102 854 188 927 usui,
210 851 271 912 nisi
291 860 344 914 aut
363 854 393 912 in
416 861 522 929 aperto
541 864 730 915 evanuerunt
744 863 795 915 aut
808 859 939 918 mixtura
954 857 1082 932 trigidae

100 938 313 1012 intepueruut,
336 938 441 1012 plures
457 953 570 997 causae
588 938 762 998 redduntur,
798 940 1002 1016 Empedocles
1018 943 1081 1002 exi-

101 1021 204 1081 stimat
229 1020 370 1094 ignibus,
403 1037 482 1094 quos
509 1022 611 1080 multis
637 1022 714 1081 locis
740 1030 820 1081 terra
846 1033 970 1098 opertos
1000 1027 1080 1099 tegit,

99 1119 214 1179 aquam
237 1103 408 1176 calescere,
431 1104 458 1163 si
479 1102 608 1164 subiecti
629 1113 701 1164 sunt
716 1106 799 1179 solo,
822 1122 877 1179 per
894 1107 977 1181 quod
992 1111 1080 1182 aquis

98 1187 248 1247 transitus
269 1194 326 1247 est.
365 1185 481 1247 Facere
506 1188 641 1248 solemus
666 1189 818 1248 dracones
844 1198 874 1248 et
899 1189 1025 1249 miliaria
1052 1195 1109 1250 eta

99 1271 269 1345 conplures
284 1269 414 1344 formas,
437 1271 467 1329 ln
485 1271 596 1345 quibus
611 1286 718 1331 aereas
733 1271 851 1331 listulas
867 1272 1011 1332 struimus
1028 1290 1082 1346 per

98 1353 221 1414 declive
243 1353 463 1427 circumdatas,
491 1361 523 1414 ut
543 1370 639 1429 saepe
661 1355 802 1414 eumdem
824 1356 925 1429 ignem
943 1355 1080 1415 ambiens

98 1453 184 1510 aqua
204 1451 262 1511 per
281 1443 397 1496 tantum
418 1436 494 1496 fluat
514 1439 618 1512 spatii,
642 1445 787 1512 quantum
804 1439 967 1497 efficiendo
987 1439 1080 1498 calori

98 1527 148 1580 sat
163 1525 220 1580 est.
248 1517 359 1594 frigida
373 1520 476 1594 itaque
491 1519 594 1592 intrat,
616 1521 715 1582 elssuit
729 1522 837 1584 calida.
872 1523 956 1581 idem
970 1522 1110 1596 Empe-3

97 1603 207 1686 docies
230 1603 289 1662 suh
310 1609 392 1662 terra
413 1604 566 1664 existimat
586 1605 666 1677 fieri,
691 1621 781 1681 quem
802 1622 863 1665 non
880 1607 941 1664 lalli
957 1606 1083 1666 credent
1132 1652 1136 1659 .

96 1689 133 1760 ii,
157 1684 272 1760 quibus
294 1684 452 1746 balnearia
471 1689 537 1746 sine
558 1688 628 1761 igne
649 1689 800 1748 calefiunt.
837 1688 970 1764 Spiritus
985 1689 1015 1748 in
1030 1690 1081 1747 illa

96 1770 224 1829 fervens
245 1769 315 1829 loeo
336 1768 486 1830 aestuanti
507 1770 684 1829 infunditur.
716 1771 767 1830 hic
788 1788 843 1846 per
862 1773 947 1832 rivos
972 1774 1079 1848 lapsus

96 1868 161 1914 non
175 1849 263 1913 aliter
274 1868 367 1927 quam
381 1853 452 1927 igne
466 1853 590 1913 subdito
607 1853 738 1927 parietes
754 1861 784 1913 et
797 1871 874 1914 vasa
887 1854 988 1913 balnei
1001 1856 1078 1914 cale-

96 1936 182 1996 facit.
211 1935 311 1996 omnis
334 1935 468 2011 denique
489 1936 600 2010 frigida
617 1936 745 1996 transitu
761 1946 891 1997 mutatur
905 1938 934 1995 in
951 1938 1080 1996 calidam

95 2034 156 2079 nec
176 2018 268 2078 trahit
282 2034 457 2093 saporeme
473 2022 649 2093 vaporario,
673 2020 745 2094 quia
762 2021 867 2080 clausa
884 2019 1078 2094 praelabitur.

96 2102 228 2177 Quidam
249 2102 424 2163 existimant
444 2118 500 2177 per
516 2104 585 2162 loca
599 2103 745 2177 sulphure
761 2105 852 2177 plena
867 2110 1015 2164 exeuntes
1032 2106 1108 2165 vell

94 2186 285 2246 introeuntes
303 2201 400 2258 aquas
417 2187 550 2245 calorem
568 2185 718 2246 beneflcio
734 2186 893 2262 materiae,
915 2202 1078 2262 perquam

93 2267 210 2342 fluunt,
226 2267 363 2340 trahere,
380 2270 462 2344 quod
475 2269 544 2343 ipso
558 2271 654 2329 odore
663 2279 817 2345 gustuque
830 2277 987 2331 testantur.
1009 2271 1077 2330 red-

95 2350 173 2412 dunt
186 2351 267 2412 enim
284 2352 457 2427 qualitatem
475 2353 556 2423 eius,
580 2370 640 2427 qua
655 2355 791 2426 caluere,
807 2355 960 2414 materiae.
990 2352 1078 2426 Quod

93 2450 134 2495 ne
148 2434 292 2495 accidere
305 2434 440 2495 mireris:
463 2435 551 2494 vivae
563 2436 639 2495 calci
653 2453 764 2511 aquam
782 2437 922 2509 infunde,
940 2437 1077 2494 fervebit.

156 2517 252 2578 XXV.
285 2517 478 2590 Quaedam
506 2535 630 2593 aquae
652 2520 878 2578 mortiferae
901 2526 988 2577 sunt
1009 2523 1107 2576 necl

94 2601 216 2663 odore
244 2600 443 2662 notabiles
468 2617 537 2661 nec
560 2618 711 2676 sapore.
749 2599 1077 2661 CireaNouacriamin

91 2683 230 2745 Arcadia
245 2681 325 2761 Styx
340 2685 494 2760 adpellata
505 2685 544 2744 ab
557 2685 665 2744 ineolis
678 2685 815 2743 advenas
829 2684 917 2757 fallit,
934 2683 1078 2756 quianon

93 2768 188 2842 facie,
217 2783 280 2829 non
302 2768 399 2828 odore
420 2776 567 2842 suspecta
587 2775 647 2827 est:
673 2768 774 2840 qualia
801 2773 873 2827 sunt
897 2781 1076 2839 magnorum

92 2850 243 2911 artificum
266 2866 399 2925 venena,
428 2868 508 2926 quae
526 2850 715 2925 deprehendi
736 2851 794 2909 nisi
816 2855 913 2910 morte
928 2865 988 2909 non
1004 2866 1076 2925 pos-

92 2942 172 2995 sunt.
207 2933 294 2993 Haec
308 2941 424 3008 autem,
449 2936 488 2995 de
505 2949 565 3009 qua
580 2934 672 3007 paulo
685 2940 755 2992 aute
770 2934 872 3004 retuli,
898 2949 980 3007 aqua
994 2949 1077 2992 sum-

91 3034 140 3078 ma
155 3017 313 3078 celeritate
328 3018 507 3093 corrumpit,
524 3032 580 3076 nec
591 3017 727 3076 remedio
741 3017 827 3076 locus
841 3012 902 3088 est,
919 3015 992 3091 quia
1004 3033 1074 3092 pro-

91 3102 172 3163 tinus
183 3101 298 3161 hausta
309 3100 443 3174 duratur,
459 3117 517 3160 nec
529 3101 616 3160 aliter
628 3116 719 3174 quam
731 3114 865 3178 gypsum
878 3100 935 3159 sub
947 3099 1075 3159 humore

91 3182 312 3258 constringitur
326 3192 356 3244 et
370 3185 484 3258 adligat
498 3183 628 3243 viscera.
658 3183 713 3244 Est
727 3191 826 3243 autem
842 3184 936 3242 noxia
950 3199 1031 3257 aqua
1045 3182 1105 3241 ina

90 3268 252 3329 Thessalia
274 3266 357 3326 circa
376 3267 503 3342 Tempe,
526 3283 616 3342 quam
632 3274 662 3327 et
676 3269 742 3327 sera
756 3275 786 3327 et
803 3283 900 3341 pecus
917 3281 1007 3324 omne
1023 3266 1075 3324 de-

90 3353 172 3415 vitat.
196 3367 255 3426 per
270 3350 384 3410 terrum
399 3359 429 3411 et
443 3366 496 3411 aes
515 3352 591 3410 exit=
615 3358 697 3410 tanta
711 3351 759 3410 vis
776 3358 823 3410 est
837 3351 879 3409 illi
894 3349 984 3408 etiam
1000 3348 1077 3407 dura

87 3432 264 3497 mordendi.
292 3448 351 3492 nec
371 3435 497 3494 arbusta
517 3434 640 3508 quidem
655 3436 716 3494 ulla
732 3432 784 3492 alit
799 3439 828 3492 et
845 3432 958 3490 herhas
978 3435 1075 3488 necat.

852 3513 910 3575 15*
