2364 3840
115 179 158 244 30
407 181 438 240 L.
460 181 606 240 ,annaei
629 179 804 240 SENECAE

179 336 284 394 xlvl.
316 333 532 393 Videndum
565 339 625 390 est
656 347 769 404 nunc,
803 331 898 406 quid
933 351 1024 392 max

118 420 239 479 iaciat
264 419 455 492 ingratos:
485 416 580 473 lacit
607 424 670 475 aut
698 415 837 474 nimius
866 414 930 475 sui
958 435 1028 477 sus

118 511 202 562 ctus
232 510 261 562 et
288 502 409 561 insitum
435 498 606 559 mortalitati
629 499 733 558 vitium
754 514 788 558 se
810 515 931 572 suaque
957 501 1028 560 mira

117 595 181 646 ant
202 583 391 654 aviditas,
414 590 478 642 aut
497 582 654 640 invidia.

178 667 415 740 Incipiamus
442 681 460 724 a
489 665 621 739 primo.
664 666 759 725 Nemo
784 680 844 724 non
867 664 1028 739 benignus

116 752 163 811 sui
184 751 286 810 iudex.
323 749 393 807 inde
415 757 474 819 est,
499 757 531 808 ut
551 750 651 807 omnia
672 746 821 808 ineruisse
843 762 878 807 se
896 750 1026 810 existim

115 837 145 893 in
169 834 301 893 solutum
324 832 454 906 accipiat
475 847 531 891 nec
555 832 629 892 satis
652 848 708 891 suo
729 832 827 906 pretio
850 845 885 889 se
900 835 1028 893 aestima

115 924 210 991 putet.
247 916 333 988 „lloc
354 915 424 974 mihi
444 915 541 989 dedit,
566 916 623 974 sed
638 932 728 990 qaam
748 931 833 989 sero,
856 916 913 974 sed
930 925 1010 990 post

115 999 260 1058 labores?
287 1005 401 1073 quanto
418 1000 567 1073 consequi
586 1002 673 1073 plura
690 1000 872 1072 potuissem,
896 999 923 1057 si
939 999 1028 1058 illum

115 1084 197 1142 illum
213 1091 265 1142 aut
280 1099 328 1142 me
344 1084 445 1142 colere
461 1084 658 1142 maluissem?
680 1097 739 1140 non
756 1081 814 1139 hoc
830 1096 1028 1155 speraveran

114 1165 233 1226 turbam
249 1167 406 1226 coniectus
423 1182 499 1226 sum.
522 1175 581 1226 taor
598 1167 708 1240 exiguo
724 1167 848 1238 dignum
861 1180 910 1223 me
923 1164 1028 1226 iudica

113 1248 273 1310 honestius
290 1250 446 1326 praeteriri
462 1251 547 1309 luit.“

88 1342 100 1394 l
175 1333 295 1394 XXVII.
334 1334 386 1394 Cn.
407 1333 552 1392 Lentulus
579 1348 694 1406 augur,
724 1330 894 1391 divitiarum
925 1332 1028 1391 maxir

113 1420 299 1492 exemplum,
323 1424 486 1490 antequam
506 1417 588 1475 illum
611 1414 741 1474 libertini
763 1430 929 1490 pauperem
948 1416 1029 1474 lacer

112 1501 162 1560 hic
179 1502 230 1575 qui
242 1508 349 1574 quater
360 1499 457 1558 milies
469 1500 641 1558 sestertium
654 1514 742 1557 saum
756 1498 829 1556 vidit
849 1500 993 1571 (proprie
1019 1519 1028 1559 t

113 1585 185 1643 nihil
207 1584 287 1641 eninr
303 1582 432 1656 amplius
450 1599 540 1656 quam
558 1582 659 1654 vidit),
682 1582 792 1656 ingenii
808 1581 863 1640 luit
878 1584 1012 1654 sterilis,

114 1667 216 1741 pusilli
230 1681 320 1738 quam
332 1665 432 1724 animi.
455 1681 522 1724 cum
536 1673 619 1724 esset
631 1665 836 1734 avarissimus,
850 1681 996 1724 nummos
1008 1684 1028 1726 e,

114 1747 268 1809 emittebat
289 1765 379 1822 quarn
404 1749 518 1808 verba:
546 1756 628 1808 tanta
653 1749 695 1806 illi
716 1748 819 1821 inopia
840 1755 906 1806 erat
927 1765 1028 1810 serm<

85 1832 169 1895 tilio
184 1847 252 1891 oum
270 1833 371 1893 omnia
385 1832 571 1893 incrementa
588 1849 643 1891 sua
659 1832 729 1891 divo
744 1836 885 1903 Augusto
898 1831 1028 1891 deberet

114 1932 205 1991 quem
227 1917 377 1976 adtulerat
399 1925 607 1991 paupertatem
630 1915 687 1974 sub
709 1929 801 1974 onere
823 1913 993 1973 nobilitatis
1011 1917 1028 1975 l:

112 2009 243 2073 rantem,
259 2000 403 2073 princeps
414 2000 475 2058 iam
489 2001 617 2059 civitatis
631 2006 660 2057 ει
672 1999 800 2072 pecunia
809 2005 837 2056 et
849 1998 948 2071 gratia
960 2000 1024 2058 sub

113 2085 152 2143 de
172 2087 313 2156 Augusto
338 2083 456 2142 solebat
477 2084 562 2156 queri
585 2083 691 2139 dicens
706 2097 724 2138 a
739 2080 848 2139 stadiis
863 2096 898 2139 se
913 2081 1028 2142 abduci

112 2167 186 2225 nihil
208 2174 322 2224 tanturn
340 2165 368 2222 in
385 2180 420 2223 se
435 2173 613 2237 congestum
630 2179 715 2236 esse,
740 2171 885 2238 quantum
901 2166 1028 2237 perdidi

111 2247 217 2307 relicta
238 2247 423 2320 eloquentia.
465 2251 506 2306 At
525 2248 566 2305 illi
588 2247 666 2305 inter
687 2249 745 2305 alia
767 2246 826 2305 hoc
849 2264 977 2321 qnoque
1003 2250 1022 2307 d

112 2334 271 2403 Augustus
292 2331 497 2404 praestiterat,
522 2330 606 2404 quod
622 2330 703 2388 illurn
718 2331 821 2389 derisu
836 2338 866 2389 et
879 2331 987 2389 labore
1006 2334 1028 2391 ir

84 2414 301 2474 eliberaverat.
348 2414 428 2473 Non
467 2415 613 2488 patitur
652 2414 823 2472 ariditas
860 2430 1028 2489 quemqu

112 2513 200 2558 esse
222 2505 380 2572 gratum
410 2513 576 2571 numquam
592 2498 671 2555 enirn
687 2497 834 2570 inprobae
850 2495 917 2570 spei
934 2502 1024 2572 quod

111 2589 174 2653 tur,
201 2582 277 2641 salis
292 2590 353 2654 est,
377 2589 407 2639 ει
421 2582 536 2640 maiora
551 2581 706 2654 cupimus,
729 2597 791 2655 quo
807 2582 923 2638 maiora
939 2598 1028 2641 rene

110 2666 268 2739 multoque
284 2665 462 2725 concitatior
476 2670 524 2722 est
538 2664 663 2721 avaritia
676 2662 706 2720 in
719 2679 896 2737 magnarum
909 2681 1006 2738 opum
1021 2685 1028 2724 t

111 2756 200 2820 gestu
221 2749 397 2819 conlocata,
421 2755 455 2805 ut
472 2746 614 2805 flammae
629 2746 745 2805 infinito
762 2747 861 2805 acrior
875 2748 922 2805 ris
939 2757 1005 2822 est,

82 2837 150 2889 tex
166 2831 281 2890 maiore
297 2829 439 2889 incendio
451 2830 581 2890 emicuit.
618 2832 751 2903 Aeque
773 2831 930 2889 ambitio
955 2848 1021 2890 non

110 2915 181 2972 titur
202 2928 387 2986 quemquam
408 2913 438 2970 in
464 2930 501 2972 ea
520 2929 663 2972 mensura
685 2914 833 2972 honorum
853 2916 1026 2987 conquiesc

111 3012 190 3070 quae
213 2996 367 3070 quondam
391 2996 457 3055 eius
479 2998 533 3055 luit
554 2997 706 3070 inpudens
720 3006 840 3055 votnm:
864 3012 954 3056 nemo
971 3002 1023 3072 agi

110 3079 263 3139 tribunatu
283 3078 414 3152 gratias,
443 3080 499 3140 sed
521 3082 672 3154 queritur,
695 3080 775 3154 quod
798 3094 858 3137 non
875 3088 923 3138 εει
940 3082 980 3138 ad
1000 3101 1028 3156 pr

110 3171 206 3221 turam
222 3178 322 3236 usque
337 3163 513 3238 perductus.
537 3179 594 3222 nec
609 3163 685 3221 haec
698 3170 784 3236 grata
796 3171 857 3235 est,
873 3163 899 3220 si
913 3165 1028 3226 deest<

110 3247 238 3306 solatus.
271 3262 309 3306 ne
325 3246 374 3305 hic
390 3246 512 3321 quidem
528 3248 633 3317 satiat,
658 3245 683 3304 si
698 3262 778 3305 unus
792 3254 847 3305 est.
883 3247 969 3306 Ultra
984 3266 1022 3308 se

110 3328 221 3403 piditas
244 3329 371 3405 porrigit
391 3339 421 3391 et
443 3330 615 3402 felicitatem
638 3345 724 3388 suam
745 3346 806 3389 non
828 3330 990 3405 intellegit,
1018 3353 1028 3392 r

109 3429 170 3472 non
186 3415 268 3474 uude
284 3415 400 3474 venerit
415 3414 555 3488 respicit,
578 3414 634 3472 sed
650 3428 711 3486 quo
728 3413 840 3471 tendat.
