2364 3840
410 223 639 275 PRAEFATIO.
1044 237 1060 271 v

42 365 72 412 in
90 364 148 413 Nat.
168 363 281 421 Quaestt.
304 368 371 410 certa
392 361 442 410 ilde
467 359 577 410 Senecae
600 361 739 410 orationem
763 361 896 416 constitui,
918 361 967 408 nisi
988 369 1061 410 vetu-

40 432 139 481 stiores
156 430 193 479 illi
213 439 236 480 et
252 429 368 479 meliores
387 428 457 484 libri,
484 430 516 478 de
538 431 629 491 quibus
648 436 722 477 antea
747 428 813 488 dixi,
838 429 952 492 indagati
970 427 1062 478 luerint

42 508 70 549 et
90 500 174 549 denuo
196 498 342 563 diligentins
361 499 470 546 excussi.

116 568 158 617 Ad
176 566 240 615 hanc
259 567 360 616 criticae
385 580 477 629 operae
497 564 669 615 difficultatem
692 564 789 612 accedit
812 564 903 623 etiam,
928 564 997 625 quod
1020 565 1063 625 qui

42 635 132 686 adhuc
151 635 263 685 Senecae
281 649 359 698 opera
380 634 525 690 ediderunt,
555 636 578 680 si
600 634 632 682 ab
656 648 706 681 uno
729 632 842 680 Fickerto
867 632 997 690 discedas,
1020 632 1062 693 qui

42 705 140 754 collato
157 704 266 752 maxime
275 701 433 751 Berolinensi
445 703 533 752 codice
543 703 645 764 ,optime
662 701 766 749 meritus
781 709 833 759 est,
852 701 965 766 plerique
976 713 1063 747 omnes

41 774 72 822 in
90 773 149 821 Nat.
169 771 362 830 Quaestionibus
378 771 475 820 minore
493 785 553 819 cura
571 771 666 819 versati
691 783 748 818 esse
767 769 896 827 videntur,
923 768 1064 832 argumenti

44 842 125 890 credo
142 849 233 889 natura
249 839 375 897 deterriti;
394 839 515 888 Koelerus
531 845 629 895 contra,
648 839 691 900 qui
711 852 754 886 eas
772 839 827 901 ipso
844 845 994 901 argumento
1005 835 1064 884 alle·

43 918 103 958 ctus
127 908 273 973 siugulatim
289 910 468 971 pertractavit,
495 907 678 956 emendationis
702 905 814 954 officium
836 914 879 954 ant
896 920 985 969 parum
1005 903 1063 953 dili-

44 985 138 1042 genter
155 985 199 1032 aut
216 975 349 1025 infeliciter
365 975 559 1025 administravit.
597 976 651 1034 Quo
668 974 709 1034 fit,
734 983 762 1024 ut
780 975 806 1023 in
823 974 873 1022 hoc
895 974 958 1022 libro
976 974 1064 1022 etiarn-

45 1059 116 1093 nunc
127 1047 189 1094 vitia
207 1044 268 1092 talia
284 1045 436 1103 resederint,
455 1060 520 1107 quae
534 1043 574 1093 vel
592 1044 647 1092 sine
659 1043 775 1093 codicum
789 1042 885 1092 auxilio
900 1041 969 1090 facili
987 1055 1064 1105 opera

47 1113 145 1176 corrigi
159 1112 258 1176 possint
276 1119 300 1160 et
318 1128 382 1174 quae
406 1115 503 1162 mireris
526 1121 579 1161 tam
605 1112 649 1160 diu
671 1111 773 1160 tolerari
794 1112 920 1174 potuisse.
957 1110 996 1158 Ex
1017 1109 1064 1157 hoc

47 1194 144 1244 genere
161 1179 222 1228 illud
241 1188 291 1238 est,
309 1183 377 1243 quod
395 1181 442 1233 lib.
460 1183 494 1240 H,
521 1197 544 1231 c.
564 1177 612 1238 59,
642 1178 919 1244 blegebaturadhuc:
948 1192 1006 1226 nec
1027 1178 1063 1225 de

47 1263 83 1296 re
110 1249 166 1297 sed
195 1247 232 1297 de
260 1249 313 1297 die
339 1250 504 1310 queritur;
534 1247 695 1296 scribendum
715 1249 782 1295 enim
801 1253 854 1294 erat
877 1247 1064 1307 quaeritur,

46 1316 119 1378 quod
137 1317 187 1365 nisi
204 1331 250 1380 per
268 1332 296 1366 se
314 1317 475 1366 manifestum
493 1323 574 1374 esset,
601 1314 692 1363 docere
710 1322 808 1378 poterat
827 1314 897 1362 locus
922 1313 1064 1361 simillimus

46 1385 92 1433 lib.
108 1385 156 1442 Vl,
186 1401 207 1434 e.
225 1383 273 1449 32,
298 1383 324 1433 3.
345 1399 405 1432 non
423 1386 460 1433 de
477 1399 510 1432 re
527 1384 584 1432 sed
606 1382 646 1431 de
668 1391 814 1446 tempore
828 1389 878 1430 est
897 1382 1062 1442 quaestio.

46 1453 112 1500 Item
126 1451 170 1504 lib.
184 1455 240 1512 Vll,
260 1469 282 1502 c.
302 1453 347 1509 12,
366 1455 383 1500 4
401 1454 443 1502 vix
459 1450 579 1500 credibile
598 1457 635 1498 est
653 1460 760 1512 quantas
778 1451 866 1500 turbas
883 1449 992 1497 moverit
1006 1463 1064 1512 par-

47 1535 96 1569 vus
113 1531 137 1569 et
155 1521 305 1570 manifestus
322 1521 449 1569 scribendi
468 1534 551 1576 error3
575 1532 634 1566 cum
656 1520 721 1566 enirn
741 1519 777 1568 ibi
792 1521 846 1583 jam
863 1517 924 1567 olim
942 1517 979 1566 sic
995 1517 1064 1582 lege·

45 1596 130 1637 retur:
163 1588 430 1652 quemadmodum
448 1598 556 1645 arcus,
585 1584 710 1634 alterne
728 1586 776 1634 sol
794 1587 929 1645 vis-itur,
954 1587 1064 1647 quodet

45 1671 116 1704 unus
142 1658 198 1706 cod.
219 1657 348 1720 Opsopoei
364 1656 465 1713 habuit,
497 1656 541 1717 qui
569 1653 618 1702 luit
643 1653 713 1702 haud
740 1655 816 1703 dubie
835 1654 1014 1717 Memmianus,
1041 1661 1065 1700 et

46 1739 117 1773 nunc
134 1725 250 1785 praebuit
271 1722 326 1770 cod.
346 1723 445 1781 Berol.,
471 1723 590 1784 quoniam
613 1721 639 1768 id
661 1720 770 1786 intelligi
793 1735 855 1771 sane
880 1736 931 1770 non
956 1728 1063 1784 poterat,

46 1791 122 1840 miris
142 1789 224 1836 modis
251 1795 276 1835 et
305 1788 495 1850 interpolatores
522 1789 639 1838 codicum
659 1802 719 1836 mss.
746 1798 770 1837 et
791 1790 883 1839 deinde
897 1789 1064 1856 immundus,

47 1858 206 1913 Gronovius,
226 1856 348 1913 Vossius,
368 1855 486 1903 Koelerus
504 1871 533 1904 se
546 1863 687 1913 torserunt,
705 1865 733 1904 ut
751 1865 794 1904 aut
810 1858 948 1919 reperirent
959 1856 1064 1919 aliquid,

50 1926 120 1987 quod
137 1927 164 1973 in
181 1939 209 1972 re
226 1924 358 1987 proposita
375 1931 442 1971 recte
458 1923 507 1971 dici
524 1930 612 1986 posset
629 1923 757 1972 alterne
775 1922 843 1982 lieri,
868 1931 912 1971 aut
929 1932 956 1970 ut
972 1926 1066 1987 impor-

48 2002 138 2042 tunum
154 1992 217 2041 illud
234 1991 363 2040 alterne
379 1991 463 2052 aliquo
481 1991 557 2040 modo
577 1990 703 2049 tollerent;
722 1998 746 2040 et
762 1991 871 2039 Vossius
887 1990 1003 2051 quidem,
1023 1991 1066 2051 qui

48 2070 117 2110 recte
134 2062 288 2124 perspiceret
307 2060 339 2109 de
356 2059 477 2123 parheliis
495 2061 550 2124 agi,
578 2061 691 2122 proxime
707 2060 740 2109 ad
766 2073 852 2108 verum
871 2057 989 2117 accessit,
1019 2058 1065 2106 sed

49 2145 108 2178 cum
125 2130 293 2192 conjecturam
316 2144 329 2176 e
354 2129 490 2191 depravato
512 2128 599 2176 codice
622 2128 739 2186 duceret,
768 2136 879 2177 ternos
899 2125 991 2174 soles
1008 2140 1066 2189 pro-

49 2198 139 2247 duxit:
159 2206 251 2259 quanto
269 2197 409 2260 simplicius
429 2204 482 2246 erat
500 2211 545 2261 pro
563 2203 600 2244 tot
615 2197 766 2261 ambagibus
782 2198 807 2245 in
822 2195 975 2260 optimorum
990 2193 1065 2244 codd.

49 2267 175 2328 scriptura
186 2280 261 2314 unam
272 2265 406 2314 litterulam
418 2264 506 2314 leniter
517 2272 627 2327 mutare,
646 2275 674 2314 ut
687 2281 718 2313 ex
732 2265 858 2315 alterne
871 2264 914 2313 flat
932 2262 1064 2314 alterve

49 2331 112 2383 sol.
147 2334 204 2382 Pari
219 2332 340 2383 facilitate
358 2335 451 2398 corrigi
470 2335 552 2397 potnit
569 2331 639 2382 locus
657 2333 700 2383 lib.
716 2335 752 2393 ΙΙ,
773 2349 795 2382 c.
813 2332 861 2393 49,
881 2334 906 2382 2.
923 2346 995 2381 cum
1010 2346 1065 2379 eo-

49 2416 117 2449 rum
133 2403 281 2463 tangitur
297 2402 347 2448 vel
364 2402 812 2465 comitiumautprincipalia
829 2402 920 2451 urbis
937 2401 1066 2449 liberae

50 2470 132 2518 loca.
169 2467 264 2532 Scripsi
282 2467 389 2518 forum
406 2485 452 2534 pro
470 2484 592 2526 eorum;
611 2469 690 2518 multo
709 2470 809 2532 longius
828 2470 945 2519 discessit
964 2468 1066 2531 vulgata

49 2537 204 2598 reliquorum
222 2537 297 2588 codd.
316 2540 453 2601 scriptura:
482 2553 583 2602 quomam
603 2541 627 2587 vi
649 2539 802 2602 tangitur
825 2538 876 2586 vel
895 2536 1065 2584 comitium

50 2607 207 2668 uelprinc.
243 2604 363 2654 ltemlib.
381 2607 418 2665 ll,
446 2621 468 2655 c.
486 2603 534 2665 59,
562 2605 592 2654 li
615 2620 663 2671 pro
683 2604 868 2655 dilectione
891 2604 929 2653 vel
954 2604 1065 2652 deiec-

49 2674 146 2722 tione
165 2673 267 2725 animi
285 2673 326 2721 vel
344 2673 535 2722 deiectione
553 2673 622 2722 alvi
640 2674 666 2722 in
682 2679 803 2736 promptu
816 2680 869 2721 erat
888 2673 998 2721 scribere
1016 2671 1065 2720 de-

50 2742 211 2791 fectione.
249 2740 300 2789 Sed
318 2757 367 2790 non
382 2756 488 2805 possum
504 2741 554 2790 hoc
574 2741 629 2791 loco
656 2741 696 2790 vel
713 2740 803 2790 faciles
828 2741 955 2805 ejusmodi
981 2754 1065 2788 emen·

51 2810 165 2858 dationes
183 2810 302 2872 persequi
327 2809 364 2858 vel
384 2808 540 2858 difficiliores
567 2819 591 2859 et
615 2810 704 2859 dubias
729 2811 905 2858 commendare
922 2818 966 2858 aut
990 2823 1066 2857 excu-

50 2893 120 2935 sare,
139 2890 187 2924 nec
203 2877 328 2938 quomodo
345 2879 371 2925 in
388 2877 486 2926 lacunis
505 2877 636 2940 explendis
650 2887 674 2926 et
691 2877 822 2941 ejiciendis
834 2877 993 2943 glossematis
1009 2889 1065 2924 ver-

52 2954 124 2994 satus
142 2946 191 2992 sim
210 2945 335 3009 explicare
355 2945 413 2995 licet
432 2947 556 3008 quibusve
575 2947 697 2996 adductus
715 2947 854 2996 rationibus
869 2944 1064 3008 Bambergensis

51 3013 147 3062 codicis
171 3012 247 3062 fldem
273 3027 460 3075 nonnumquam
476 3014 633 3063 Berolinensi
653 3013 825 3078 praetulerim.
862 3013 945 3063 Unum
966 3011 1015 3060 hoc
1034 3011 1066 3060 de

51 3082 146 3130 leviore
159 3082 269 3143 quadam
285 3096 366 3143 neque
381 3090 465 3131 tamen
483 3082 636 3146 negligenda
656 3083 735 3131 critici
753 3083 863 3130 muneris
887 3090 959 3145 parte
977 3080 1065 3129 admo-

51 3165 122 3198 nere·
130 3149 203 3199 volo:
223 3149 316 3198 multae
333 3163 374 3198 res
392 3150 495 3198 suntad
509 3150 635 3199 scribendi
653 3151 775 3199 rationem
791 3159 815 3198 et
833 3149 929 3198 formas
941 3162 1065 3210 usumque

53 3218 186 3266 verborum
210 3219 378 3282 pertinentes,
406 3230 471 3278 quae
496 3223 563 3266 totae
587 3219 696 3281 pendent
725 3234 758 3267 ex
783 3219 933 3281 optimorum
946 3217 1065 3266 codicum

52 3300 115 3338 mss.
134 3277 294 3344 auctoritate3
315 3298 455 3347 quaecum
474 3286 499 3331 in
516 3283 571 3333 Nat.
593 3285 705 3344 Quaestt.
724 3288 818 3352 exigua
833 3288 879 3345 sit,
906 3286 933 3334 lit
950 3297 1065 3334 necessa-

52 3356 105 3412 rio,
131 3363 159 3403 ut
186 3357 212 3403 in
238 3355 270 3403 iis
297 3353 346 3402 nisi
368 3351 498 3402 discedere
515 3352 611 3401 velisa
633 3355 729 3416 reliqua
746 3351 857 3403 Senecae
875 3353 1065 3407 consuetudine,

53 3422 176 3484 sequendi
195 3423 246 3472 sint
264 3421 371 3470 aliorum
389 3420 510 3470 librorum
528 3422 627 3471 codices
644 3423 775 3480 meliores;
800 3429 875 3485 atque
894 3423 922 3471 id
936 3420 1064 3469 Fickertus

54 3490 115 3539 lecit
131 3493 157 3540 in
176 3490 372 3557 orthographia,
400 3491 425 3539 in
451 3504 501 3554 qua
517 3491 573 3554 ejus
591 3498 616 3539 et
633 3489 778 3556 exemplum
791 3496 893 3540 secutus
911 3503 968 3537 sum
985 3494 1009 3536 et
1026 3500 1064 3534 ra·
