2364 3840
156 184 219 246 298
445 184 479 244 L.
500 183 645 244 ANNAEl
668 183 845 243 SENECAE

155 336 395 413 significationes
410 336 476 396 eius
491 335 669 410 praedicent
678 350 800 410 graves.
823 335 1019 397 sciscitantur
1030 338 1131 413 itaque

125 429 185 488 set
198 435 388 495 cognoscere
402 421 523 491 volunt,
542 419 715 494 prodigium
730 418 770 479 sit
783 436 821 479 an
834 420 931 479 sidus.
965 423 1004 480 At
1015 421 1130 482 meher-

155 507 239 565 cules
261 521 336 564 non
360 504 465 563 aliud
487 505 575 578 quis
598 503 1000 577 autmognilicentius
1016 521 1131 581 quae·

155 589 267 649 sicrit
289 596 354 647 out
375 588 561 647 didicerit
582 585 721 646 utilius
741 603 851 660 quam
868 585 915 646 da
930 590 1132 650 stellarum

155 673 404 746 siderumque
425 679 575 740 natura,
598 678 697 730 utrum
718 668 840 730 flamma
855 678 1025 748 contracta,
1049 675 1132 748 quod

154 764 186 817 el
204 757 290 816 visus
311 763 417 814 noster
431 753 572 813 adfirmat
585 761 615 814 et
628 754 730 828 ipsum
744 753 857 814 abillis
871 753 972 815 lluens
987 756 1090 817 lumen
1104 765 1135 817 et

155 842 239 900 calor
260 840 331 898 inde
352 837 562 909 descendens,
589 853 627 896 on
647 854 708 901 non
726 838 785 897 sint
798 836 930 897 flammei
944 840 1054 913 orbas,
1078 840 1133 900 sed

154 922 253 983 solida
276 921 427 996 quaedam
452 928 635 996 terrenaque
661 937 806 996 corpora,
839 937 918 995 quae
944 938 1001 997 per
1025 925 1132 999 igneos

154 1012 268 1066 tractus
280 1005 413 1065 labentia
425 1003 496 1064 inde
508 1004 704 1079 splendorem
715 1004 835 1064 uahant
846 1007 1056 1083 coloremque,
1072 1024 1133 1068 non

125 1089 194 1156 tde
214 1105 272 1148 suo
295 1091 386 1148 clera.
414 1089 443 1148 in
467 1105 528 1162 qua
551 1089 696 1164 opinione
712 1088 814 1162 magni
829 1089 914 1148 luere
928 1089 1001 1165 viri,
1026 1092 1132 1167 quisi·

153 1174 229 1233 dera
251 1173 445 1232 crediderunt
466 1188 504 1231 ex
520 1173 598 1233 duro
613 1179 757 1232 concreta
771 1180 802 1232 et
816 1171 916 1247 ignem
931 1172 1063 1234 alienum
1081 1192 1133 1250 po-

154 1256 280 1317 scentia.
309 1272 400 1329 „nom
417 1271 473 1331 per
489 1272 539 1327 se,
562 1256 716 1331 inquiunt,
736 1254 860 1315 llamma
875 1254 1052 1332 diffugeret,
1076 1258 1134 1318 nisi

153 1340 270 1415 aliquid
289 1340 431 1411 haberet,
459 1340 544 1414 quod
564 1346 681 1398 teneret
701 1345 732 1398 et
751 1355 770 1397 o
790 1355 852 1413 quo
870 1346 1039 1416 teneretur,
1060 1357 1134 1403 con-

153 1424 370 1499 globatamque
382 1439 440 1483 nec
451 1424 550 1482 stabili
562 1423 687 1482 inditam
695 1423 818 1497 corpori
831 1423 1042 1498 prolecioiom
1049 1441 1134 1486 mun·

154 1508 213 1568 dus
227 1508 349 1566 turbine
363 1522 421 1566 suo
438 1506 653 1581 dissipasset“

125 1603 140 1655 1
216 1591 253 1648 ll.
286 1590 341 1649 Ad
374 1589 469 1648 haec
501 1589 778 1664 investiganda
810 1589 989 1664 proderit
1016 1607 1133 1668 quee-

152 1689 256 1747 rere‚
279 1689 363 1732 num
386 1680 556 1733 cometae
578 1673 824 1734 condicionis
847 1674 925 1733 sint
944 1677 1048 1749 [eius],
1070 1690 1133 1736 cu-

154 1759 214 1817 ius
243 1757 459 1829 superiora.
488 1757 629 1818 videntur
651 1758 731 1816 enim
753 1773 822 1817 cum
836 1758 897 1817 illis
913 1759 1065 1832 quaedam
1081 1758 1133 1819 hu·

153 1842 227 1902 bere
242 1839 429 1913 communie,
451 1848 536 1901 ortus
552 1849 581 1900 et
596 1856 743 1913 occasus,
758 1840 857 1916 ipsam
870 1856 1013 1916 quoque,
1028 1859 1133 1918 quam-

155 1926 202 1986 vis
219 1931 381 2000 spargatur
395 1931 425 1984 et
437 1923 559 1998 longius
575 1932 679 1998 exeat,
695 1925 819 1984 faciem:
841 1925 1038 1999 nequeenim
1053 1925 1133 2002 ignei

125 2008 463 2084 esplendidiquesunt.
487 2007 1132 2083 ltaquesiomniaterrenasiderasunt,his

155 2109 280 2167 quoque
293 2092 400 2151 eadem
414 2108 483 2152 sors
495 2092 566 2151 erit:
586 2093 612 2151 si
624 2108 697 2152 vero
709 2091 782 2151 nihil
795 2090 879 2152 aliud
891 2098 963 2152 sunt
974 2109 1067 2166 quam
1079 2110 1132 2168 pu·

154 2192 207 2235 rus
222 2175 302 2249 ignis
315 2182 500 2250 manentque
511 2175 669 2235 mensibus
681 2176 764 2235 senis
776 2190 877 2250 neque
883 2175 957 2235 illos
969 2176 1131 2237 conversio

154 2258 258 2318 mundi
271 2257 362 2316 solvit
373 2263 403 2315 et
413 2258 569 2331 velocitas,
582 2259 633 2318 illa
644 2275 768 2334 quoque
781 2266 913 2334 possunt
922 2266 955 2320 et
963 2261 1049 2321 tenui
1060 2276 1132 2321 con·

155 2350 238 2401 stare
258 2340 384 2400 materia
406 2356 463 2400 nea
484 2340 544 2400 hoc
564 2342 675 2402 discuti
696 2342 827 2403 adsiduo
845 2341 923 2403 coeli
939 2340 1131 2404 circumactu.

124 2426 228 2491 alllo
268 2439 422 2500 quoque
460 2425 675 2500 pertinebit
705 2426 777 2487 hoc
810 2426 1063 2502 excussisse,
1095 2434 1133 2486 ut

155 2509 343 2580 sciamus,
385 2516 506 2570 utrum
544 2508 715 2569 mundus'
746 2517 852 2570 terra
893 2515 1023 2575 stante
1058 2511 1131 2572 cir·

155 2601 304 2654 cumeat
332 2609 377 2651 an
406 2592 544 2653 mundo
572 2600 700 2653 stante
722 2600 829 2654 terra
850 2598 1038 2654 vertatur.
1070 2595 1132 2654 lue-

154 2685 224 2738 runt
238 2678 332 2751 enim,
357 2675 410 2751 qui
425 2678 561 2737 dicerent
576 2693 633 2736 nos
649 2692 735 2750 esse,
753 2693 833 2752 quos
846 2692 948 2737 rerum
963 2684 1073 2738 natura
1083 2693 1132 2738 ne·

155 2762 287 2821 scientes
309 2762 387 2820 ferat
406 2777 463 2820 nec
484 2761 562 2821 coeli
583 2768 667 2821 motu
681 2759 747 2820 lieri
763 2769 848 2821 onus
862 2767 893 2821 et
906 2775 1056 2837 occasus,
1078 2761 1133 2822 sed

155 2844 242 2918 ipsos
256 2845 327 2903 oriri
340 2850 370 2903 et
381 2845 538 2904 occidere:
561 2845 714 2919 dignares
726 2843 997 2919 contemplatione,
1011 2851 1047 2906 ut
1056 2845 1132 2906 scia-

155 2942 239 2998 mus,
262 2927 292 2985 in
315 2944 376 3002 quo
396 2944 497 2988 rerum
519 2935 599 2988 statu
620 2928 731 3000 simuS,
761 2926 955 3002 pigerrimam
970 2929 1077 2990 sortiti
1096 2944 1133 2988 an

154 3008 380 3068 velocissimam
401 3012 522 3083 sedem,
544 3012 625 3071 circa
644 3027 702 3072 nos
718 3010 795 3071 deus
811 3010 913 3071 omnia
927 3027 966 3071 an
980 3027 1041 3072 nos
1056 3019 1133 3087 ngat

127 3102 142 3154 1
219 3093 268 3151 lll.
296 3093 508 3153 Necessarium
531 3103 579 3155 est
593 3101 693 3156 autem
708 3102 829 3155 veteres
846 3101 931 3155 ortus
947 3101 1134 3156 cometarum

155 3176 268 3236 habere
289 3175 444 3237 collectos.
473 3178 662 3252 deprehendi
679 3178 758 3238 enim
775 3185 899 3254 propter
912 3179 1068 3240 raritatem
1082 3195 1133 3240 eo-

154 3276 219 3319 rum
237 3275 345 3321 cursus
361 3259 460 3320 adhue
475 3277 537 3320 non
553 3269 655 3336 potest
667 3278 723 3322 nea
734 3263 904 3337 explorari,
919 3276 959 3322 an
969 3263 1059 3323 vices
1071 3279 1133 3324 ser-

125 3352 226 3405 2vent
247 3352 276 3405 et
296 3345 364 3403 illos
387 3344 425 3403 ad
442 3359 530 3403 suum
546 3345 625 3405 diem
641 3353 742 3406 certus
757 3346 835 3406 ordo
850 3346 1011 3420 producat
1048 3345 1135 3408 Novo

154 3427 231 3487 haec
257 3426 435 3488 coelestium
462 3427 636 3488 observatio
662 3436 709 3490 est
736 3435 766 3490 et
790 3444 889 3505 nuper
913 3427 945 3488 in
973 3429 1135 3491 Graeciam
