2364 3840
294 212 615 286 surrupuisse
637 212 708 271 nra.
722 211 744 270 1.
766 219 865 272 1-1.
1007 215 1070 278 roa

90 367 138 425 cst
164 378 331 440 corporum
361 371 534 425 nostrorum
565 364 680 438 liguras
705 379 723 422 a
746 364 859 423 nostris
886 366 1067 438 corporibus

89 445 222 508 emissas
244 462 280 506 ac
301 454 475 521 separatas,
497 447 547 506 alii
562 464 622 507 non
637 446 785 521 imagines
800 448 829 505 in
845 449 987 521 speculo,
1011 450 1068 508 sed

88 531 160 605 ipsa
178 531 300 605 adspici
322 545 452 606 corpora
472 537 585 590 retorta
607 530 763 590 oculorum
780 532 846 589 acie
863 537 892 588 et
909 531 938 588 in
955 546 989 590 se
1002 548 1067 591 rur-

90 629 146 674 sus
159 612 286 673 reflexa.
308 629 389 674 nunc
403 612 477 672 nihil
493 616 531 672 ad
546 629 609 673 rem
626 615 767 687 pertinet,
793 614 948 689 quomodo
965 615 1067 673 videa-

88 713 159 757 mus
173 697 389 770 quodcumque
400 697 550 756 videmus.
581 695 643 756 Sed
656 698 835 772 [quomodo]
849 698 948 771 imago
961 698 1097 761 1111111111

88 779 178 839 reddi
193 781 350 854 especulo
363 779 463 840 debet.
486 781 559 854 quid
571 787 671 839 autem
683 789 731 841 est
743 789 801 840 tam
814 781 963 841 dissimile
976 799 1068 857 quam

89 864 137 923 sol
155 869 185 921 et
200 879 305 936 arcus,
323 863 353 921 in
369 880 430 937 quo
445 879 546 938 neque
561 864 659 936 ligura
670 865 745 925 solis
757 879 857 940 neque
870 867 955 926 color
966 880 1068 940 neque

88 945 266 1020 magnitudo
282 947 431 1021 adparet?
451 962 540 1005 arcus
555 949 646 1020 longe
659 949 786 1021 amplior
801 956 848 1007 est
861 951 1014 1024 longeque
1031 964 1068 1007 ea

88 1035 192 1103 parte,
222 1046 284 1104 qua
304 1031 413 1104 lulget,
436 1028 635 1091 rubicundior
657 1047 748 1105 quam
770 1033 834 1104 sol,
864 1033 973 1093 ceteris
992 1048 1066 1093 vero

89 1111 247 1172 coloribus
270 1113 420 1172 diversus.
456 1114 573 1172 Deinde
594 1129 663 1172 cum
686 1115 763 1172 velis
784 1117 944 1187 speculum
965 1117 1096 1175 inesset>

88 1195 163 1269 adri,
179 1196 235 1255 des
248 1203 370 1270 oportet
380 1195 451 1256 mihi
465 1197 613 1269 [eamdem
627 1196 796 1255 laevitatem
810 1198 971 1269 corporis]
987 1214 1066 1257 eam·

78 1279 160 1361 ‘dem
187 1280 377 1354 qualitatem,
404 1281 543 1339 eumdem
571 1281 708 1340 nitorem.
743 1279 826 1353 atqui
847 1280 948 1337 nullae
969 1282 1067 1340 nubes

88 1362 204 1422 habent
225 1363 451 1423 similitudinem
474 1363 608 1437 speculi:
636 1379 692 1437 per
716 1363 833 1422 medias
849 1377 943 1436 saepe
960 1364 1067 1421 transi-

90 1461 159 1507 mus
181 1446 282 1506 necin
298 1447 357 1506 illis
372 1462 429 1506 nos
445 1448 607 1506 ceruimus.
634 1448 685 1521 qui
699 1447 845 1506 montium
861 1462 980 1505 summa
995 1462 1067 1505 con·
1115 1484 1120 1490 -
1139 1436 1147 1458 ⁰

89 1530 256 1603 scendunt,
286 1538 425 1604 spectant
444 1531 556 1589 nubem
577 1547 633 1589 nec
655 1537 755 1590 tamen
779 1530 939 1604 imaginem
961 1530 990 1587 in
1017 1529 1068 1588 illa

89 1628 176 1673 suam
193 1613 374 1688 adspiciunt.
412 1613 536 1687 Singula
551 1612 703 1673 stillicidia
719 1615 839 1688 singula
850 1613 977 1688 specula
989 1618 1098 1673 suntl

90 1696 241 1757 concedo.
270 1697 325 1755 sed
346 1698 418 1757 illud
439 1712 536 1770 nego,
558 1712 598 1754 ex
613 1696 772 1756 stillicidiis
789 1706 930 1757 constare
947 1697 1067 1756 nubem.

88 1778 182 1839 habet
202 1781 281 1838 enim
303 1781 468 1854 quaedam,
498 1795 537 1838 ex
560 1780 671 1852 quibus
688 1779 754 1838 lieri
769 1780 921 1838 stillicidia
936 1781 1066 1855 possint,

89 1879 151 1923 non
166 1863 244 1937 ipsa.
273 1858 311 1921 Ι111
326 1879 436 1936 aquam
454 1863 576 1936 quidem
597 1861 689 1921 habet
703 1863 817 1934 nubes,
840 1862 897 1920 sed
911 1865 1067 1921 materiam

89 1946 209 2005 laturae
231 1961 338 2019 aquae.
377 1946 588 2006 concedamus
609 1946 698 2018 igitur
718 1951 748 2002 ct
771 1951 870 2016 guttas
897 1945 1096 2003 innumera-5

87 2029 168 2089 biles
184 2028 321 2088 nubibus
342 2029 447 2088 inesse
469 2035 498 2088 et
518 2029 584 2086 illas
600 2028 707 2086 faciem
722 2027 866 2099 reddere,
890 2033 1067 2085 nontamen

88 2127 182 2172 unam
210 2127 316 2171 omnes
342 2112 490 2184 reddent,
519 2112 575 2170 sed
601 2111 738 2184 singulae
767 2110 913 2184 singulas.
954 2108 1068 2168 deinde

88 2196 167 2254 inter
190 2210 225 2253 se
248 2196 375 2268 specula
397 2196 563 2269 coniunge:
593 2195 622 2253 in
645 2210 733 2254 unam
750 2194 911 2268 imaginem
927 2211 986 2269 nop
1004 2194 1064 2253 coi·

88 2278 178 2351 bunt,
200 2278 256 2337 sed
270 2293 413 2352 quaeque
429 2279 576 2353 particula
591 2279 619 2336 in
635 2294 670 2337 se
685 2279 727 2336 rei
744 2277 969 2337 similitudinem
985 2278 1066 2337 clau-

89 2362 149 2421 det.
187 2360 264 2421 Sunt
279 2362 430 2436 quaedam
446 2363 574 2436 spccula
588 2378 626 2420 ex
641 2360 742 2420 multis
754 2363 939 2435 minutisque
950 2377 1067 2434 conpo-

89 2444 161 2517 sita,
187 2444 297 2517 quibus
320 2445 346 2504 si
366 2460 459 2504 unum
481 2446 653 2505 ostenderis
671 2445 839 2516 hominem,
864 2445 997 2518 populus
1013 2443 1066 2500 ad·

87 2534 176 2603 paret
189 2543 376 2603 unaquaque
392 2529 541 2602 particula
550 2528 659 2588 faciem
671 2544 755 2587 suam
768 2526 966 2600 exprimente.
990 2524 1067 2582 11111

89 2627 158 2671 cum
174 2611 235 2672 sint
250 2613 412 2672 coniuncta
427 2619 456 2671 et
471 2613 560 2672 simul
572 2613 745 2681 conlocata,
762 2608 958 2667 nihilominus
975 2606 1066 2665 sedu-

89 2701 161 2755 cunt
180 2695 329 2768 imagines
352 2711 426 2754 suas
442 2701 524 2755 etex
541 2713 602 2755 uno
618 2694 736 2754 turbam
752 2691 896 2751 elliciunt.
934 2698 1066 2749 ceterum

88 2785 243 2839 catervam
257 2778 338 2839 illam
353 2795 414 2838 non
430 2780 635 2849 confundunt,
660 2777 716 2836 sed
731 2776 911 2848 diremptam
926 2775 955 2832 in
971 2773 1067 2832 iacies

36 2930 39 2938 Ι
88 2861 227 2934 singulas
248 2861 435 2921 distrahunt:
455 2878 547 2922 arcus
564 2868 663 2921 autem
678 2876 739 2919 uno
758 2857 1004 2932 circumscriptus
1020 2864 1068 2917 est

88 2945 199 3016 ductu,
223 2960 282 3004 una
302 2944 394 3004 totius
415 2952 462 3004 est
476 2946 581 3004 iacies.
624 2941 732 3016 ‚,‚Quid
749 2947 845 3014 ergo?
872 2942 982 3015 inquit,
1006 2949 1097 3006 111116

87 3034 119 3087 11
134 3043 216 3101 aqua
230 3035 320 3102 rupta
335 3029 438 3088 fistula
449 3044 560 3103 sparsa
572 3035 601 3086 et
612 3041 696 3085 remo
709 3040 842 3084 excussa
854 3024 967 3084 habere
980 3023 1066 3098 quid-

88 3112 159 3170 dam
176 3111 273 3170 simile
287 3111 350 3181 his,
370 3128 450 3186 quos
465 3112 605 3171 videmus
620 3109 649 3168 in
666 3124 753 3180 arcu,
774 3108 927 3168 coloribus
940 3109 1067 3167 soletl“‘

88 3194 205 3254 Verum
221 3201 283 3254 est:
309 3195 365 3254 sed
381 3211 441 3254 non
457 3195 568 3254 1111111
585 3209 694 3265 causa,
717 3209 755 3252 ex
772 3209 832 3266 qua
848 3200 881 3252 tu
897 3191 994 3249 videri
1009 3191 1067 3263 vis,

91 3277 165 3353 quia
187 3292 393 3352 unaquaeque
418 3279 497 3337 stilla
521 3277 648 3351 recipiat
671 3276 832 3350 imaginem
859 3276 943 3335 solis.
978 3272 1068 3332 citius

90 3361 172 3420 enim
196 3360 308 3420 cadunt
331 3362 442 3435 stillae,
468 3378 559 3435 quam
580 3367 612 3420 ut
634 3363 796 3434 concipere
815 3358 975 3430 imaginem
995 3369 1068 3428 pos·
1136 3388 1160 3412 ,-

89 3446 162 3506 sint.
191 3444 331 3504 standum
354 3451 414 3518 est,
436 3444 539 3520 quoad
559 3443 604 3517 id,
628 3443 711 3517 quod
732 3442 884 3501 imitantur
905 3437 1069 3509 excipiant.
