2364 3840
125 178 189 241 224
415 180 447 238 t.
467 179 611 239 Ah'h'AEl
633 179 809 241 SENECAE

124 350 223 410 acque
244 334 399 393 variantur
419 340 449 391 et
468 331 498 391 in
521 340 638 391 ceteras
654 330 749 392 iacies
767 334 846 392 inter
861 332 953 395 vitam
969 350 1006 393 ac
1020 350 1095 394 mor·

123 427 182 478 tem
205 418 318 479 coloris
342 424 390 476 ost
411 417 573 489 vagatiot“
605 415 711 490 Longa
731 416 961 477 somniculosae
982 419 1096 479 inertis·

124 517 183 577 que
204 502 341 561 luxuriae
361 499 567 573 exspectatio!
592 514 682 573 quam
704 515 775 559 sero
792 499 1004 561 circumscribi
1020 517 1055 561 se
1069 510 1098 561 et

123 585 256 645 fraudari
278 592 360 644 tanto
383 584 465 642 hono
480 582 590 641 sensit!
618 583 678 642 hoc
693 583 793 643 adhuc
806 590 868 643 tam
882 583 1013 659 pulchro
1029 600 1097 659 spe·

89 683 107 735 a
123 668 241 729 ctaculo
255 667 425 742 piscatores
441 666 624 724 fruebantur.
648 664 734 739 „Quo
745 672 866 727 coctum
878 667 1019 742 piscem?
1037 684 1096 743 quo

123 753 316 812 exanimum?
338 750 366 807 in
383 749 451 824 ipso
467 750 582 809 ferculo
598 749 764 823 exspiret.“
785 749 972 811 Mirabantur
985 758 1097 812 tantum

122 837 181 895 illis
196 835 299 893 inesse
314 833 480 904 fastidium,
503 840 536 892 ut
550 832 665 893 nollent
679 832 835 906 adtingere
850 834 910 895 nisi
925 834 1035 895 eodcm
1050 835 1097 895 die

123 926 259 993 captum,
287 916 353 989 qui,
378 916 522 988 utaiunt,
545 924 667 991 saperet
681 914 782 990 ipsum
794 932 888 977 mare.
920 918 993 980 ideo
1008 934 1097 980 cursu

122 1001 345 1071 advehebatur,
368 999 438 1058 idco
459 1000 572 1074 gerulis
593 1015 663 1059 cum
684 999 819 1060 anhelitu
832 1008 863 1061 et
877 1000 1014 1062 clamore
1028 1018 1095 1077 pro·

89 1085 300 1158 &iterantibus
322 1082 451 1143 dabatur
472 1084 529 1141 xia.
572 1082 637 1156 Quo
662 1098 830 1158 pervenere
854 1083 1006 1146 deliciaet
1037 1086 1096 1145 lam

122 1184 179 1242 pro
196 1168 317 1242 putrido
332 1167 380 1226 his
396 1167 489 1241 piscis
510 1175 558 1226 est
578 1166 711 1225 occisus.
744 1167 869 1239 „Hodie
882 1168 1016 1229 eductus
1031 1175 1095 1229 estt

121 1251 228 1312 nescio
244 1251 283 1310 de
301 1265 334 1309 re
349 1266 457 1324 magna
471 1250 524 1309 tibi
540 1250 680 1309 credere:
696 1249 765 1325 ipse
785 1257 906 1326 oportet
920 1268 960 1312 ne
974 1253 1094 1313 caedas.

121 1335 181 1395 huc
197 1337 360 1395 adteratur.
376 1349 479 1393 coram
494 1348 542 1391 me
556 1335 686 1392 animam
702 1338 802 1408 agat,“
823 1333 873 1393 Ad
888 1334 971 1395 lrunc
986 1336 1093 1396 tastum

122 1417 259 1493 pervenit
279 1423 385 1476 venter
406 1415 619 1488 delicatorum,
642 1425 675 1476 ιιι
696 1425 819 1491 gustare
838 1433 899 1477 non
914 1419 1040 1493 possint
1053 1420 1093 1494 pi·

122 1517 221 1572 seem,
245 1501 303 1559 nisi
320 1514 409 1574 quem
424 1497 453 1557 in
474 1498 545 1573 ipso
562 1500 702 1559 convivio
717 1507 869 1560 natantem
884 1500 1092 1578 palpitantem·

123 1600 182 1658 que
204 1584 360 1642 viderunt:
392 1590 505 1641 tantum
527 1583 565 1641 ad
583 1583 748 1643 sollertiam
768 1583 890 1645 luxuria
905 1586 1092 1660 pereuntibus

121 1667 254 1739 accedit,
276 1674 422 1740 tantoque
443 1665 582 1726 subtilius
606 1666 717 1727 cotidie
740 1675 771 1727 et
791 1668 964 1742 elegantius
981 1669 1089 1746 aliquid

89 1751 275 1824 texcogitat
303 1752 387 1810 luror
414 1749 525 1810 usitata
550 1758 758 1811 contemnens.
797 1751 851 1810 illa
875 1751 1090 1813 audiebamus=

121 1832 212 1908 „nibil
229 1843 276 1895 est
290 1834 398 1894 melius
415 1834 534 1895 saxatili
549 1835 671 1894 mullo.“
686 1841 716 1894 at
730 1848 810 1894 nunc
824 1834 982 1895 audimus=
997 1835 1089 1911 „Nihil

122 1925 169 1979 est
189 1920 336 1979 moriente
357 1918 532 1978 formosius.
561 1919 600 1978 da
620 1918 692 1977 urihi
711 1917 740 1976 in
755 1932 864 1979 manus
883 1934 940 1980 vas
956 1919 1089 1994 vitreum,

120 2003 149 2061 in
167 2018 227 2075 quo
243 2004 390 2074 exsultet,
411 2001 578 2076 trepidet.⁴‘
607 2000 666 2060 Ubi
687 2001 811 2060 multum
834 2002 951 2077 diuque
965 2006 1089 2065 luctatus

89 2091 105 2142 5
120 2091 181 2158 est,
197 2101 235 2143 ex
251 2087 301 2143 iilo
317 2084 475 2159 perlucido
489 2083 606 2143 vivario
621 2084 796 2144 extrahitur.
826 2094 898 2145 tunc
912 2094 947 2146 ut
962 2085 1090 2163 quisque

120 2165 322 2240 peritiorem,
339 2172 500 2223 monstrat:
520 2166 639 2237 „Vide,
659 2169 814 2240 quomodo
835 2170 988 2230 exarserit
1001 2170 1089 2231 rubor

120 2249 201 2306 omni
228 2249 328 2306 acrior
352 2245 455 2305 minio.
488 2248 575 2320 vide,
603 2264 682 2322 quas
703 2266 759 2324 per
779 2252 874 2311 latera
894 2268 995 2315 venas
1015 2260 1088 2329 agat

120 2344 206 2402 ecce,
223 2330 400 2402 sanguinem
415 2336 505 2404 putes
521 2339 664 2391 ventrem.
687 2349 778 2408 quam
797 2335 931 2396 lucidum
947 2338 1088 2413 quiddam

120 2414 356 2509 caeruleumquc
376 2413 462 2473 sub
454 2430 524 2490 ipso
540 2422 678 2489 tempore
689 2416 855 2477 ellulsrtt
847 2434 907 2478 ram
930 2422 1089 2496 porrigitur

90 2495 150 2556 bet
163 2495 256 2591 pallet
273 2498 324 2556 ct'
316 2514 346 2556 m
362 2514 454 2558 unum
473 2499 606 2558 colorem
628 2499 851 2573 conponiturt“
871 2501 919 2561 Ex
940 2503 989 2565 his
1004 2520 1087 2565 nemo

118 2578 256 2641 morienti
279 2582 376 2641 amico
399 2581 533 2657 adsidet,
555 2599 643 2642 nemo
664 2584 770 2643 videre
792 2592 920 2645 mortem
935 2587 1087 2663 patrissui

119 2665 261 2740 sustinet,
277 2682 366 2742 quam
384 2665 506 2740 optavit.
529 2667 774 2742 quotusquisque
788 2668 880 2730 funus
891 2670 1087 2733 domesticum

119 2749 157 2806 ad
178 2765 285 2822 rogum
308 2750 548 2825 [pro]sequiturt
572 2752 694 2810 fratrum
717 2751 1025 2831 propinquorumque
1039 2771 1085 2814 ex·

117 2839 213 2890 trema
227 2832 302 2892 hora
317 2834 478 2894 deseritur:
503 2834 540 2892 ad
557 2841 683 2894 mortem
699 2835 821 2910 quidem
835 2836 921 2896 mulli
936 2835 1086 2900 concurri·

89 2917 173 2974 itur.
196 2915 267 2973 nihii
283 2917 361 2975 enim
378 2924 425 2976 est
437 2918 487 2976 illa
498 2917 673 2978 formosius.
693 2918 758 2978 Non
771 2926 908 2994 tempero
919 2922 1003 2997 mihi,
1018 2923 1086 2998 quin

116 3005 185 3057 utar
199 2998 347 3059 interdum
359 3002 517 3059 temerarie
529 2999 631 3062 verbis
646 3008 676 3060 et
690 3002 885 3076 proprietatis
899 3006 1024 3067 modum
1037 3020 1085 3065 ex·

118 3082 241 3140 cedam·
276 3099 335 3142 non
364 3090 434 3142 sunt
456 3083 495 3142 ad
516 3085 660 3160 popinam
682 3085 840 3160 dentibus,
864 3102 919 3148 ore
940 3094 973 3151 et
985 3094 1085 3150 ventre

116 3164 263 3224 contenti:
286 3166 383 3225 oeulis
399 3183 522 3242 quoque
533 3167 634 3241 gulosi
650 3175 729 3227 sunt.

83 3254 99 3305 1
176 3248 252 3307 xlx
277 3248 929 3348 Sedutadproposit.umrevertar
951 3256 1083 3331 aeeipe

116 3340 392 3405 argumentum,
427 3336 595 3407 magnam
621 3335 692 3395 vim
722 3353 904 3411 aquarum
932 3338 970 3398 in
998 3340 1082 3401 sub·

115 3418 306 3477 terraneis
328 3417 501 3477 occultis
522 3418 692 3478 lertilem
715 3420 1081 3499 foedorumsitupi·
