2364 3840
166 199 227 263 164
451 198 484 256 L.
507 196 653 257 Artaxat
676 194 852 255 SENECAE

166 361 266 413 autem
282 359 400 423 austro,
424 365 492 407 cum
509 349 627 409 coelum
643 347 773 405 maxime
788 361 883 420 grave
895 352 927 406 et
937 346 1077 421 spissum
1089 352 1138 406 εει

166 441 186 511 †
207 436 292 495 alitor
312 451 372 493 non
396 433 475 492 solet
496 430 626 504 adspici.
659 446 728 490 nam
753 430 805 503 qui
826 436 975 503 statuar,
999 429 1139 504 inpellict

167 518 271 579 diduci
282 525 312 577 et
327 518 356 576 in
368 517 501 590 aliquam
516 515 623 574 taciem
635 514 709 588 fingi
721 519 832 588 potest.
853 514 880 573 is
892 521 994 574 autem
1008 514 1060 588 qui
1073 512 1137 586 iluit

168 619 225 662 noc
247 601 351 660 teritur
372 600 494 674 quidem
511 599 632 659 luorine.
663 614 724 657 non
740 596 820 657 enim
834 595 950 657 resistit
963 612 1023 656 neo
1038 598 1137 657 sorma-

141 690 229 759 Itur,
254 686 325 759 quia
339 684 435 758 prima
449 696 589 756 quaeque
602 697 673 756 pars
686 681 752 741 cius
765 681 942 755 dissipatur.
977 680 1137 756 Numquam

169 785 241 842 ergo
258 769 350 828 ullum
363 767 448 824 sidus
461 767 551 824 talem
563 764 621 823 sibi
633 766 766 838 effigiem
778 763 993 837 circumdabit,
1010 763 1069 825 nisi
1081 779 1137 824 cun

169 868 222 911 aer
243 849 299 909 erit
314 850 430 908 densus
446 855 537 923 atque
554 848 687 908 inmotus
701 857 731 909 et
744 847 783 908 ob
798 847 857 908 hoc
874 848 1055 909 custodiens
1075 847 1130 907 inci·

170 935 291 992 dentem
307 934 336 991 in
353 949 388 991 sc
402 933 525 992 rotundi
541 930 662 992 luminis
677 932 797 991 lineam.
827 946 885 991 neo
896 930 965 991 sine
977 946 1082 993 causa.
1100 945 1133 989 re·

170 1024 240 1091 pete
256 1016 357 1092 [enim]
375 1018 563 1091 exemplum,
581 1016 665 1090 quod
679 1016 770 1089 paulo
787 1021 856 1075 ante
875 1017 1043 1090 proposui:
1063 1014 1134 1091 lapil-

170 1100 217 1159 lus
233 1101 261 1161 in
279 1101 428 1174 piscinam
443 1109 494 1161 aut
510 1101 609 1159 lacum
621 1107 651 1159 et
665 1099 825 1173 adligatam
839 1115 951 1173 aquam
964 1102 1078 1161 missus
1090 1100 1135 1159 cir-

170 1186 257 1243 culos
280 1183 351 1243 lacit
371 1184 622 1244 innumerabiles:
646 1190 676 1243 at
691 1183 750 1242 hoc
765 1184 844 1242 idem
862 1200 924 1244 non
940 1185 1034 1245 faciet
1046 1185 1076 1243 in
1090 1182 1134 1242 du·

170 1268 260 1328 mine.
278 1274 394 1343 quare‘t
409 1270 481 1343 quia
493 1284 612 1328 omnem
625 1266 753 1341 liguram
766 1267 885 1341 lugiens
897 1283 980 1341 aqua
991 1267 1133 1330 disturbat

170 1353 253 1411 idem
282 1367 355 1427 ergo
383 1350 413 1410 in
439 1355 510 1410 aare
534 1351 649 1424 evcnit,
678 1358 712 1410 ut
731 1351 795 1423 illc,
825 1351 878 1426 qui
898 1359 1021 1424 manet,
1051 1348 1134 1427 possit

172 1436 309 1510 figurari,
336 1443 367 1494 at
386 1435 449 1507 ille,
473 1435 524 1509 qui
544 1435 660 1508 rapitur
675 1442 705 1493 ct
723 1434 831 1507 currit,
853 1450 915 1493 non
931 1435 986 1494 det
1003 1436 1050 1495 sui
1064 1440 1133 1510 pote-

172 1527 279 1579 statem
296 1526 325 1578 ct
339 1533 461 1577 omnem
478 1518 569 1578 ictum
588 1519 820 1591 venientemque
835 1519 964 1577 sormam
980 1534 1020 1577 ex
1038 1535 1074 1580 eo
1087 1524 1134 1577 tra·

142 1602 302 1663 evehatur.
339 1602 403 1660 Hae
422 1602 461 1660 dc
483 1602 594 1674 quibus
610 1599 673 1660 dixi
688 1616 821 1661 coronae
836 1617 905 1660 cum
920 1596 1061 1677 dilapsae
1079 1604 1136 1661 sunt

172 1686 340 1758 aequaliter
351 1692 381 1743 ει
392 1684 421 1745 in
435 1693 532 1745 semet
543 1686 630 1759 ipsae
642 1690 845 1757 evanuerunt,
861 1684 1135 1760 significaturque

172 1769 252 1827 atris
272 1775 302 1826 et
323 1766 415 1827 otium
436 1776 467 1827 et
486 1769 689 1843 tranquillitas
704 1773 746 1840 [et
760 1777 831 1828 tunc
846 1785 958 1843 aquam
974 1771 1135 1844 exspecta:

173 1867 241 1911 cum
258 1852 296 1910 ab
311 1867 372 1911 una
388 1858 474 1926 parte
490 1860 664 1923 cesserunt,
689 1852 770 1911 illinc
784 1860 894 1911 ventus
909 1858 972 1925 cst,
988 1854 1071 1913 unde
1082 1852 1136 1912 iun-

173 1936 304 1997 duntur:
337 1936 362 1995 si
387 1943 495 2009 ruptae
523 1935 661 2009 pluribus
689 1934 765 1994 locis
791 1943 882 2010 sunt,
910 1943 1079 2013 tempestas
1102 1934 1136 1993 lit

144 2019 273 2092 tQuarc
294 2019 325 2078 id
348 2018 480 2091 accidat,
509 2034 548 2076 cx
567 2018 631 2091 his,
660 2033 740 2092 quae
760 2019 819 2078 iarn
839 2018 988 2094 exposui,
1017 2014 1138 2091 intellegi

174 2109 284 2178 potest.
306 2102 418 2160 namsi
440 2102 534 2161 iacies
556 2100 699 2160 universa
715 2102 868 2174 subsedit,
891 2104 1022 2178 adparet
1036 2110 1139 2176 tempe

173 2192 272 2243 ratum
288 2200 359 2243 esse
374 2187 447 2242 aira
462 2192 491 2242 et
505 2185 550 2242 sic
564 2185 725 2258 placidum.
748 2185 774 2244 si
787 2184 824 2243 ab
835 2202 897 2245 una
910 2192 997 2261 parte
1007 2185 1140 2247 intercisa

174 2275 236 2338 est,
258 2267 386 2339 adparet
407 2267 478 2326 inde
499 2270 571 2326 a'e'ra
592 2267 767 2327 incumbere
782 2278 811 2327 ει
827 2270 896 2329 ideo
911 2270 964 2329 illa
976 2270 1063 2345 regio
1076 2284 1140 2329 vcn-

173 2358 235 2409 tum
257 2350 348 2409 dabit.
377 2358 407 2410 at
428 2366 496 2410 cum
518 2352 654 2425 undique
675 2360 705 2411 ct
721 2352 854 2412 lacerata
868 2361 898 2413 et
912 2361 1080 2430 concerpta
1093 2358 1141 2423 esi,

175 2434 366 2494 manifestum
389 2441 436 2494 est
453 2451 471 2493 a
487 2435 624 2509 pluribus
641 2435 777 2510 partibus
792 2437 822 2494 in
838 2437 919 2496 illam
933 2437 1071 2512 inpetum
1085 2433 1143 2497 fleri

175 2526 205 2579 et
220 2519 387 2595 inquietum
403 2521 474 2578 aera
487 2518 557 2578 hinc
573 2527 665 2594 atque
675 2518 756 2578 illinc
768 2519 906 2579 adsilire:
929 2521 1034 2596 itaque
1044 2537 1083 2581 ex
1094 2520 1143 2579 hac

174 2604 378 2665 inconstantia
399 2603 476 2664 coeli
498 2610 557 2662 tam
575 2604 669 2662 multa
684 2604 857 2677 temptantis
872 2611 902 2663 et
916 2605 1056 2680 undique
1069 2604 1142 2665 labo·

138 2690 267 2753 rorantis
289 2689 416 2763 adparet
437 2689 537 2747 lutura
556 2693 720 2761 tempestas
737 2693 894 2747 ventorum
910 2688 1052 2762 plurium.
1087 2688 1143 2747 Hac

175 2788 308 2833 coronae
330 2771 471 2831 noctibus
493 2770 556 2828 lere
577 2770 658 2830 circa
679 2772 781 2829 lunam
803 2779 833 2830 et
854 2772 929 2831 alias
945 2773 1052 2833 stellas
1067 2778 1143 2833 nott·

173 2855 300 2925 buntur,
323 2853 454 2913 interdiu
474 2869 560 2926 raro,
583 2855 661 2913 adeo
677 2863 709 2914 ut
724 2852 847 2928 quidam
862 2870 901 2913 ex
917 2855 1044 2917 Graccis
1061 2868 1143 2929 negt·

175 2939 272 2996 verint
293 2937 415 2995 omnino
436 2952 490 2995 eas
512 2937 594 3010 fieri,
625 2954 694 2997 cum
715 2938 784 3000 illos
805 2930 951 2999 historiae
975 2941 1144 3015 coarguant

175 3034 270 3079 causa
290 3024 389 3077 antem
408 3019 540 3079 raritatis
562 3021 638 3080 haec
653 3030 714 3097 est,
736 3022 820 3096 quod
834 3022 910 3083 solis
926 3024 1036 3084 lortius
1051 3024 1144 3083 lumen

175 3110 223 3161 est
237 3107 267 3160 et
281 3115 334 3158 aer
349 3102 416 3175 ipse
431 3103 561 3175 agitatus
576 3104 615 3163 ab
630 3104 681 3164 illo
697 3106 928 3181 calefactusque
943 3108 1089 3169 solutiora
1107 3108 1143 3164 lu-

175 3199 232 3277 nae
253 3183 377 3261 [autem]
399 3185 524 3246 inertior
539 3188 586 3247 ris
601 3194 649 3248 est
666 3189 799 3264 ideoque
813 3190 931 3251 facilius
947 3207 967 3250 a
981 3192 1143 3265 circumpo-

135 3273 233 3326 11srto
250 3269 320 3325 aera
335 3268 510 3327 sustinetur.
532 3286 632 3345 aeque
647 3273 751 3333 sidera
765 3281 867 3333 cetera
881 3273 1003 3335 infirma
1014 3282 1144 3336 suntncc

178 3365 375 3424 perrumpere
390 3354 459 3409 aera
476 3352 504 3410 vi
519 3369 576 3411 sua
590 3364 730 3428 possunt.
752 3357 902 3432 excipitur
915 3359 1021 3433 itaque
1034 3359 1143 3419 illorum

177 3432 277 3508 imago
294 3441 324 3493 et
343 3433 372 3493 in
389 3435 513 3494 materia
528 3436 674 3499 solidiore
691 3456 727 3501 ac
743 3442 843 3501 minus
859 3441 989 3503 cedente
1004 3448 1137 3504 servatur
