2364 3840
287 183 427 243 11111111.
445 181 605 256 ouxusr.
626 182 805 242 11111111.
972 185 1034 247 245

72 351 124 408 ur,
141 333 251 393 deinde
267 332 448 394 continuatis
460 332 548 406 aquis
564 332 594 389 in
609 330 716 390 faciem
731 331 783 390 luti
798 347 834 391 ao
846 332 958 391 turbidi
971 350 1034 393 ma·

59 418 101 477 ris
117 425 252 491 stagnat,
276 431 461 491 cursumque
481 414 523 473 1111
545 414 780 489 violentiamque
801 415 890 489 eripit
908 415 1034 477 latitudo

58 502 232 576 regionum,
253 499 379 575 inquas
394 499 564 559 extenditur
579 500 686 557 dextra
699 499 850 572 laevaque
865 506 956 558 totam
972 516 1032 557 am-

59 585 170 658 plexus
184 585 371 660 Aegyptum.
399 583 548 656 Quantum
564 583 659 641 crevit
671 582 770 654 Nilus,
794 590 906 642 tantum
923 583 991 657 spei
1005 584 1066 643 1119
1080 612 1091 632 ·

59 685 171 728 annum
187 668 243 727 est.
265 684 322 727 nec
334 668 508 740 conputatio
524 667 598 725 lallit
609 666 786 739 agricolam:
803 667 881 726 adeo
898 667 936 725 ad
951 682 1034 724 men-

59 767 162 812 suram
179 749 312 810 fluminis
327 752 494 825 respondet
508 755 628 823 [terru],
652 766 741 823 quam
759 750 886 809 fertilem
902 748 973 808 lacit
985 751 1035 809 Ni-

58 838 117 895 lus.
151 834 180 892 ls
202 850 332 895 arenoso
353 842 383 893 et
403 834 514 893 sitienti
535 834 602 892 solo
625 839 654 891 et
675 849 784 907 aquam
803 834 918 893 inducit
933 840 963 892 et
976 841 1034 894 ter-

57 935 139 978 ram=
167 934 236 976 nam
252 935 321 978 cum
335 918 524 977 turbulentus
541 916 629 989 lluat,
657 933 778 975 omnem
793 919 821 975 111
839 918 928 976 siccis
946 924 975 975 et
989 917 1033 976 hi·

58 1001 181 1061 antibus
205 1002 282 1060 locis
308 1003 423 1060 laecem
447 999 590 1073 relinquit
615 1006 644 1057 11
669 1001 816 1075 quicquid
840 1002 952 1075 pingue
969 1002 1034 1061 tulit

58 1101 180 1158 secum,
203 1085 359 1145 arentibus
380 1085 455 1143 locis
473 1084 577 1141 adlinit
591 1084 736 1156 iuvatque
751 1099 842 1156 agros
860 1086 978 1144 duabus
995 1101 1034 1143 ex

59 1167 179 1242 causis,
195 1176 224 1232 et
240 1169 323 1242 quod
334 1167 462 1227 inundat
476 1174 504 1226 et
517 1167 599 1240 quod
615 1165 747 1225 oblimat.
770 1167 873 1241 itaque
888 1169 1032 1242 quicquid

56 1268 119 1311 non
143 1251 272 1321 adiuvit,
302 1250 403 1312 sterile
419 1267 454 1310 ac
471 1251 643 1324 squalidum
658 1251 745 1308 iacet.
780 1249 813 1309 Si
830 1252 925 1308 crevit
940 1267 1034 1325 super

57 1333 207 1407 debitum,
225 1334 336 1395 nocuit.
364 1334 440 1394 Mira
456 1335 559 1408 itaque
575 1341 681 1393 natura
699 1332 847 1407 fluminiS,
866 1333 949 1408 quod
966 1350 1034 1393 cum
1044 1347 1076 1398 10

57 1416 151 1478 ceteri
166 1433 271 1477 amnes
287 1419 410 1477 abluant
425 1426 520 1477 terras
534 1426 563 1477 et
574 1419 759 1488 eviscerent,
771 1417 869 1488 Nilus,
887 1425 969 1476 tanto
985 1434 1033 1476 ce-

56 1502 131 1561 teris
147 1500 256 1574 maior,
279 1503 357 1562 adeo
375 1502 445 1560 nibil
462 1503 565 1561 exedit
586 1517 642 1560 nec
657 1501 789 1575 abradit,
805 1509 838 1561 ut
853 1509 958 1560 contra
971 1503 1033 1560 adi—

57 1585 119 1644 ciat
130 1585 210 1644 vires
224 1586 409 1659 nimiumque
426 1586 456 1643 in
474 1602 510 1644 eo
526 1586 578 1656 sit,
596 1586 679 1659 quod
697 1587 795 1646 solum
812 1593 967 1659 temperat.
990 1587 1033 1643 in-

56 1668 118 1727 lato
136 1669 215 1726 enim
238 1669 307 1728 limo
330 1686 439 1729 arenas
458 1677 573 1728 saturat
596 1677 625 1728 et
639 1669 735 1742 iungit
749 1669 901 1743 debetque
917 1669 958 1728 1111
973 1671 1032 1728 Α1-

55 1759 173 1828 gyptus
189 1769 249 1812 non
267 1760 381 1812 tantum
398 1754 578 1812 fertilitatem
600 1760 761 1826 terrarum,
783 1755 839 1812 sed
855 1755 949 1827 ipsas.
981 1753 1074 1818 lllull

57 1836 155 1896 iacies
171 1837 374 1910 pulcherrima
386 1845 447 1908 est,
464 1853 531 1895 oum
547 1836 605 1893 iam
623 1851 657 1894 se
677 1834 707 1893 in
725 1851 817 1908 agros
831 1837 917 1895 Nilus
932 1838 1033 1911 inges-

58 1919 113 1979 3111
135 1920 228 1980 latent
243 1921 341 1994 campi
363 1927 550 1994 opertaeque
565 1926 634 1978 sunt
650 1920 754 1976 vales.
785 1920 899 1992 oppida
920 1921 1033 1978 insula-

56 2018 124 2062 rum
139 2003 231 2063 modo
248 2011 378 2063 exstant.
407 2004 522 2062 nullum
545 2003 573 2060 in
588 2001 816 2061 mediterraneis
834 2001 893 2060 nisi
907 2019 962 2077 per
981 2018 1033 2060 na·
1117 2064 1120 2073 ,

57 2087 138 2160 vigia
161 2087 373 2147 commercium
395 2095 457 2145 cst:
490 2086 586 2145 maior
601 2092 648 2144 est
662 2086 774 2144 laetitia
788 2085 944 2160 gentibus,
972 2102 1032 2160 quo

56 2170 158 2229 minus
173 2179 321 2230 terrarum
336 2187 459 2229 suarum
476 2171 587 2228 vident.
611 2168 661 2228 Sic
678 2186 802 2244 quoque
823 2186 890 2229 cum
909 2186 943 2229 se
959 2169 1076 2244 ripis12

58 2253 191 2312 continet
204 2255 304 2327 Ν11113,
322 2270 377 2328 per
389 2263 516 2328 septena
531 2254 608 2313 ostia
621 2254 651 2312 in
666 2270 749 2313 mare
762 2253 912 2314 emittitur.
937 2254 1034 2330 quod-

58 2351 189 2411 cumque
215 2338 343 2410 elegeris
365 2353 403 2395 ex
423 2338 485 2409 his,
512 2353 594 2396 mare
617 2346 672 2396 est.
703 2339 815 2398 multos
839 2338 1034 2397 nihilominus

57 2419 207 2494 ignobiles
228 2437 329 2480 ramos
353 2420 383 2479 in
405 2421 485 2479 aliud
501 2429 592 2495 atquc
607 2421 688 2480 aliud
704 2422 775 2480 litus
790 2421 925 2495 porrigit.
950 2421 1033 2480 Cete-

56 2519 121 2560 rum
137 2503 244 2563 beluas
261 2505 383 2566 marinis
401 2506 447 2563 vel
463 2504 670 2577 magnitudine
690 2504 739 2561 vel
755 2520 837 2563 noxa
852 2520 944 2577 pares
959 2505 1033 2561 edu-

58 2592 120 2657 cat,
138 2593 220 2648 etex
236 2604 273 2646 eo
292 2595 422 2662 quantus
439 2587 478 2646 sit
492 2589 645 2646 aestimari
661 2593 778 2660 potest,
801 2587 884 2659 quod
901 2587 1033 2658 ingentia

56 2669 197 2728 animalia
218 2679 248 2729 et
270 2670 382 2744 pabulo
405 2669 566 2729 sufficienti
587 2677 618 2729 11
637 2670 674 2728 ad
692 2670 863 2742 vagandum
879 2671 948 2728 loco
961 2684 1033 2728 con-

56 2751 139 2811 tinet.
168 2752 332 2827 Balbinus,
354 2753 486 2813 virorum
511 2753 642 2827 optimus
668 2753 887 2826 profectusque
907 2751 937 2810 in
954 2751 1035 2811 omni
1046 2758 1076 2810 13

56 2835 209 2895 literarum
230 2852 342 2909 genere
366 2836 528 2910 rarissimi,
556 2843 661 2896 auctor
689 2841 749 2907 est,
777 2838 928 2910 cumipse
945 2852 1033 2911 prae·

55 2920 155 2978 lectus
168 2918 317 2980 obtineret
328 2924 522 2998 Aegyptum,
541 2919 753 2979 HeracleotIco
769 2918 849 2978 ostio
861 2920 933 2994 Nili,
950 2921 1033 2994 quod

55 3008 103 3062 est
118 3001 298 3076 maximum,
319 3003 494 3078 spectaculo
510 3002 569 3061 sibi
584 3004 681 3062 luisse
697 3003 910 3077 delphinorum
926 3003 1034 3062 amari

55 3087 298 3146 concurrentium
310 3094 340 3145 et
352 3087 574 3147 crocodilorum
588 3085 738 3146 assumine
749 3087 912 3147 adversum
925 3102 1034 3161 agmen

55 3170 209 3243 agentium
227 3172 308 3229 velut
324 3186 378 3244 pro
395 3171 531 3245 partibus
547 3170 704 3243 proelium.
729 3172 903 3230 crocodilos
918 3170 956 3229 ab
970 3171 1032 3228 ani-

53 3252 184 3311 malibus
204 3252 334 3327 placidis
355 3270 523 3328 morsuque
539 3255 672 3315 innoxiis
688 3255 797 3314 victos.
824 3255 879 3314 His
893 3254 1034 3328 superior
1042 3260 1074 3315 14

54 3351 129 3408 pars
150 3337 290 3410 corporis
317 3336 392 3397 dura
412 3346 441 3398 et
462 3337 691 3411 inpenetrabilis
712 3346 759 3398 est
780 3339 869 3398 etiam
884 3337 1032 3396 maiorum

53 3417 228 3477 animalium
252 3418 409 3493 dentibus,
436 3427 465 3479 at
486 3420 610 3479 inferior
629 3422 728 3480 mollis
751 3438 787 3480 ac
805 3430 918 3480 tenera.
953 3420 1032 3477 bano
