2364 3840
233 189 375 250 NATUR.
392 189 555 264 QUAEST.
579 190 651 249 LlB.
666 191 717 251 111.
739 199 872 254 18-20.
981 192 1044 257 225

65 344 206 404 scium:
234 341 260 401 si
282 340 405 415 quando
426 339 540 416 erupit,
564 341 662 401 adlert
676 357 781 401 secum
796 342 965 402 inmensam
978 347 1043 405 ani·

64 427 190 487 mallum
204 424 338 498 turbam,
360 424 516 484 horridam
531 424 672 499 [adspici]
689 432 719 484 et
734 434 851 499 turpem
867 441 903 484 ac
919 429 1041 489 noxiam

64 516 167 583 gustu.
210 509 296 568 Certe
318 523 387 567 cum
409 509 437 566 in
462 508 548 567 Caria
569 508 650 567 circa
670 509 834 585 Hydissum
853 511 960 569 urbem
977 514 1074 574 talisl

63 591 244 653 exsiluisset
258 592 356 664 unda,
379 590 549 666 perierunt,
573 592 756 666 quicumque
772 594 840 653 illos
856 594 982 654 ederant
999 598 1042 670 pi·

64 690 152 748 sees,
181 690 262 750 quos
288 676 393 749 ignoto
419 682 488 733 ante
515 690 581 733 earn
608 676 686 735 diem
713 678 799 737 coelo
823 693 922 738 novus
944 679 1042 738 amnis

64 758 208 820 ostendit.
237 773 295 818 nec
309 759 341 816 id
354 758 471 818 mirum.
498 766 583 818 erant
597 759 675 818 enim
694 760 817 834 pinguia
834 768 864 820 et
878 760 997 822 differta
1011 769 1044 822 ut

63 857 102 901 ex
116 842 210 916 longo
226 843 287 901 otio
303 857 450 917 corpora,
473 851 604 902 ceterum
620 843 818 904 inexercitata
828 845 897 904 etin
908 847 1042 906 tenebris

64 924 204 1000 saginata
219 933 249 985 et
263 925 340 984 lucis
356 924 510 1000 expertia,
530 941 570 984 ex
582 943 642 999 qua
653 926 815 987 salubritas
827 927 954 989 ducitur.
984 930 1071 988 Nus

63 1010 109 1068 sci
130 1014 229 1068 autem
254 1025 349 1084 posse
372 1010 475 1083 pisces
498 1008 528 1069 in
547 1010 598 1067 illo
614 1016 759 1069 terrarum
775 1013 929 1084 profundo
945 1015 985 1074 sit
999 1014 1041 1072 in-

62 1092 192 1165 dicium,
215 1093 299 1167 quod
314 1093 465 1166 anguillae
480 1093 640 1156 latebrosis
655 1094 731 1152 locis
746 1096 958 1169 innascuntur,
974 1113 1042 1172 gra-

62 1175 112 1235 vis
134 1182 164 1235 et
183 1176 272 1250 ipsae
294 1176 381 1236 cibus
402 1177 442 1236 ob
463 1176 631 1250 ignaviam,
654 1177 759 1251 utique
779 1177 805 1235 si
827 1179 894 1237 illas
915 1180 1041 1241 altitudo

55 1259 119 1320 luti
140 1257 261 1333 penitus
288 1259 458 1319 abscondit.
498 1260 596 1318 Habet
620 1275 693 1334 ergo
719 1277 780 1320 non
806 1267 919 1320 tantum
946 1266 1071 1324 venas4

61 1358 212 1418 aquarum
233 1350 329 1416 terra,
358 1358 397 1403 ex
420 1343 530 1417 quibus
553 1343 718 1403 conrivatis
733 1343 859 1403 llumina
873 1345 952 1404 ellici
970 1363 1040 1420 pos·

62 1432 145 1499 sunt,
157 1426 214 1486 sed
226 1441 331 1485 amnes
344 1427 557 1500 magnitudinis
570 1436 689 1487 vastae:
706 1444 835 1501 quorum
845 1427 910 1487 aliis
920 1444 1042 1504 semper

62 1510 93 1568 in
110 1510 230 1570 occulto
247 1525 356 1569 cursus
373 1517 435 1583 est,
458 1510 557 1568 donec
573 1512 675 1585 aliquo
693 1511 761 1570 sinu
777 1520 875 1571 terrae
891 1513 1040 1573 devoren-

62 1600 121 1666 tur,
137 1592 188 1652 alii
203 1593 261 1652 sub
277 1592 379 1668 aliquo
396 1593 464 1651 lacu
476 1602 643 1667 emergunt.
680 1593 741 1653 lam
759 1594 828 1669 quis
840 1594 959 1668 ignorat
970 1612 1041 1656 esse

63 1676 218 1752 quaedam
230 1683 337 1751 stagna
350 1679 415 1736 sine
427 1677 544 1735 lundot
567 1693 699 1751 quorsus
711 1677 771 1737 hoc
783 1678 933 1751 pertinet?
947 1680 1040 1740 utad-

61 1767 170 1835 pareat
183 1760 262 1819 hanc
276 1775 387 1834 aquarn
404 1760 521 1832 magnis
537 1760 676 1819 amnibus
693 1769 845 1820 aeternam
861 1779 932 1822 esse
947 1771 1040 1823 mate·

61 1842 155 1915 mam,
176 1843 263 1902 cuius
278 1860 339 1904 non
355 1850 517 1917 tanguntur
528 1850 664 1903 extrema
675 1845 754 1903 sicut
764 1843 919 1905 fluminum
931 1848 1040 1906 tontes.

125 1924 189 1986 XX.
226 1929 298 2001 „At
325 1942 444 2000 quare
473 1927 585 2000 aquis
615 1943 734 2001 sapor
757 1928 940 1987 variust“
968 1936 1068 2003 qua-1

62 2017 133 2071 tuor
153 2026 192 2069 ex
210 2010 326 2070 causis:
356 2025 394 2069 ex
409 2011 477 2069 solo
495 2007 591 2082 prima
606 2018 669 2083 est,
689 2027 745 2084 per
761 1999 844 2083 quod
859 2012 962 2070 lentur.
991 2028 1039 2071 se·

63 2093 166 2153 cunda
187 2108 225 2153 ex
247 2095 370 2166 eodem,
396 2093 422 2153 si
444 2093 609 2153 mutatione
630 2094 696 2153 eius
718 2092 862 2153 nascitur.
895 2095 982 2153 tertIa
1002 2112 1041 2155 ex

64 2176 187 2252 spiritu,
211 2179 304 2251 quiin
321 2192 432 2251 aquam
448 2176 681 2251 transfiguratus
697 2185 753 2237 est.
781 2184 888 2252 quarta
902 2194 941 2237 ex
957 2180 1039 2253 vitio,

63 2252 150 2334 quod
163 2274 259 2333 saepe
275 2261 451 2335 concipiunt
463 2269 624 2336 corruptae
639 2277 696 2336 per
710 2261 858 2321 iniuriam.
890 2261 956 2322 llae
968 2269 1067 2323 cau-2

63 2358 118 2404 sae
139 2359 284 2417 saporem
306 2345 378 2403 dant
399 2345 487 2418 aquis
507 2346 640 2419 varium,
660 2345 719 2405 bae
737 2347 916 2406 medicatam
933 2356 1039 2420 poten·

63 2428 150 2500 tiam,
178 2426 237 2485 hae
256 2442 380 2501 gravem
402 2429 539 2501 spiritum
562 2428 750 2503 odoremque
769 2430 960 2502 pestiferum,
982 2429 1040 2489 hae

63 2510 215 2570 levitatem
236 2512 491 2585 gravitatemque,
519 2513 599 2583 [bue]
621 2520 673 2571 aut
693 2513 825 2570 calorem
846 2519 896 2570 aut
917 2512 1040 2569 nimium

61 2592 206 2669 rigorem.
242 2593 384 2666 Interest,
402 2600 500 2653 utrum
516 2594 583 2653 loca
600 2595 746 2669 sulphure
762 2609 799 2651 an
815 2594 892 2652 nitro
908 2609 946 2652 an
963 2593 1039 2652 bitu-

62 2677 144 2737 mina
166 2677 257 2750 plena
277 2677 458 2735 transierint.
487 2676 544 2735 huc
564 2678 681 2737 ratione
700 2682 862 2749 corruptae
878 2692 946 2735 cum
959 2675 1040 2736 vitae

64 2759 201 2836 periculo
216 2759 367 2819 bibuntur.
403 2760 479 2819 Hinc
497 2760 639 2820 Ovidius:
1051 2767 1070 2821 3

124 2844 251 2903 Flumen
265 2844 374 2902 hubent
387 2844 520 2916 Cicones,
542 2846 622 2917 qood
628 2851 731 2919 potum
745 2860 841 2903 saxea
856 2844 957 2903 reddit

124 2929 256 2999 uiscera,
275 2928 355 3000 quod
367 2930 451 2987 tactis
464 2928 580 2986 inducit
591 2943 743 2987 marmora
757 2928 853 2986 rebus.

61 3009 245 3070 Medicatum
262 3016 310 3069 est
324 3017 355 3070 et
366 3011 431 3069 eius
444 3018 570 3069 naturae
581 3010 673 3070 habet
683 3011 799 3082 limum,
815 3018 848 3071 ut
858 3011 1039 3086 corporibus
1074 3004 1077 3012 '

63 3110 98 3153 se
115 3093 283 3167 adglutiuet
297 3100 327 3153 et
338 3093 475 3154 obduret.
506 3093 765 3167 Quemadmodum
777 3094 962 3155 Puteolanus
974 3096 1041 3170 pul-

62 3178 126 3250 vis,
150 3175 177 3236 si
198 3193 309 3250 aquarn
331 3178 452 3251 adtigit,
474 3193 582 3236 saxum
605 3185 665 3251 est,
687 3177 732 3237 sic
753 3195 770 3237 e
791 3179 942 3239 contrario
963 3179 1040 3239 hacc

62 3276 160 3336 aqna,
187 3259 214 3319 si
235 3260 365 3320 solidum
389 3262 498 3334 tetigit,
522 3261 628 3320 haeret
648 3269 677 3321 et
697 3262 848 3337 adfigitur.
890 3263 965 3320 lnde
985 3269 1072 3336 estt

61 3342 150 3420 quod
164 3358 215 3403 res
231 3343 368 3403 abiectae
382 3345 411 3402 in
427 3345 567 3403 eumdem
583 3347 680 3404 lacum
692 3346 832 3419 lapideae
843 3345 974 3405 subinde
986 3361 1038 3403 ex-

60 3427 238 3499 trahuntur,
263 3427 346 3501 quod
361 3427 390 3486 in
407 3427 490 3487 ltalia
507 3427 689 3501 quibusdam
704 3429 733 3487 in
749 3429 825 3488 locis
841 3426 951 3487 evenit.
972 3427 1039 3486 sive

104 3527 207 3568 sanson
222 3528 292 3568 nnn.
307 3514 340 3568 ll.
842 3519 873 3571 lb
