2364 3840
119 176 182 243 122
405 177 437 237 L.
459 177 604 239 nunant
630 177 806 243 SENECAE

117 330 1091 408 lenthis,quibusobligatisunt,aliquidadverti,

117 416 152 474 in
183 430 257 490 quo
278 414 473 474 adlectum
494 428 694 473 memorem
723 414 879 488 accepti
906 416 1090 479 beneficii

85 497 347 572 aadprobent.
375 501 429 556 An
451 497 521 557 lroc
543 504 650 556 recte
666 499 1089 573 laciantetpiavolun·

117 589 210 651 late,
234 581 444 656 quaeritur.
468 595 596 653 quorum
615 579 734 640 animus
750 580 921 643 simillimus
936 590 986 645 est
1002 600 1089 658 pravo

118 680 223 725 amore
242 662 454 737 flagrantibus,
480 664 532 737 qui
552 664 667 723 amicae
689 679 764 725 suae
778 671 886 738 optant
902 666 1043 741 exitium,
1062 675 1091 728 ut

118 749 273 809 desertam
298 747 525 820 fugientemque
545 747 739 820 comitentur,
763 756 871 822 optant
889 748 1041 824 inopiam,
1063 758 1091 811 ιιι

118 831 215 904 magis
229 830 414 889 desideranti
430 829 558 902 donent,
575 839 682 904 optant
695 830 848 904 morbum,
870 840 904 892 ιιι
919 832 1089 893 adsideaut:

119 924 149 973 et
163 912 312 988 quicquid
326 911 467 973 inimicus
483 921 616 987 optaret,
632 923 769 975 amantes
784 922 906 974 vovent.
935 917 1002 981 lere
1017 917 1090 979 idem

84 999 219 1070 altaque
243 995 343 1055 exitus
358 1003 405 1055 ost
420 997 482 1057 odii
499 998 657 1057 clamoris
674 997 784 1057 insani.
814 998 885 1059 Tale
901 999 1051 1074 quiddam
1063 1006 1090 1061 et

116 1081 164 1138 his
180 1078 291 1139 accidit
306 1080 356 1153 qui
371 1080 478 1140 amicis
493 1080 687 1141 incommoda
703 1088 816 1155 optant,
832 1097 912 1156 quae
923 1082 1089 1155 demanant

117 1171 148 1224 et
162 1162 202 1223 ad
217 1162 400 1225 beneficium
420 1164 531 1225 iniuria
551 1165 691 1236 veniunt,
713 1180 782 1224 cum
798 1165 894 1225 satius
910 1166 950 1226 sit
963 1166 1016 1227 vel
1028 1182 1089 1229 cea·

86 1259 189 1312 isare
210 1263 301 1320 quarn
325 1263 380 1321 per
402 1249 505 1311 scelus
527 1248 629 1309 officio
651 1249 751 1309 locum
774 1263 933 1323 quaerere.
971 1248 1047 1323 Quia
1066 1250 1088 1311 si

116 1332 341 1406 gubernatura
363 1332 411 1393 dis
432 1339 629 1405 tempestates
651 1331 866 1395 infestissimas
889 1339 921 1405 et
943 1335 1089 1407 procellas

117 1422 213 1490 petat,
236 1421 269 1475 ut
285 1415 399 1489 gratior
414 1431 465 1475 ars
480 1431 538 1474 sua
553 1416 688 1487 periculo
705 1415 778 1475 ilat?
801 1413 873 1488 quid
889 1414 917 1475 si
931 1415 1091 1491 imperator

117 1500 193 1558 deos
215 1504 296 1569 oret,
316 1505 349 1557 ιιι
369 1513 478 1571 magna
499 1497 546 1556 vis
561 1497 691 1558 hostium
708 1499 892 1559 circumfusa
907 1501 1019 1561 castris
1033 1501 1090 1561 loe

117 1598 169 1641 sas
191 1579 291 1640 subito
307 1580 412 1654 inpetu
427 1582 580 1654 compleat
595 1589 625 1641 et
644 1583 754 1641 vallum
771 1580 943 1656 trepidante
958 1585 1091 1649 exercitu

117 1664 272 1724 convellat
290 1669 319 1721 el
340 1665 369 1722 in
392 1664 469 1738 ipsis
486 1665 582 1739 portis
599 1665 711 1725 inlesta
725 1665 813 1739 signa
829 1666 1012 1740 constituat,
1033 1683 1090 1743 quo

117 1747 231 1805 maiore
247 1761 314 1805 cum
329 1748 426 1819 gloria
440 1749 532 1808 rebus
548 1749 644 1822 lapsis
668 1748 900 1824 profligatisque
915 1756 1092 1813 succurratt

86 1833 102 1884 o
118 1829 229 1889 Omnes
245 1829 294 1890 isti
308 1830 459 1891 beneficia
474 1849 530 1893 sua
545 1831 716 1891 detestabili
733 1832 782 1891 via
798 1833 929 1906 ducunt,
949 1834 1090 1908 quidem

27 1956 34 1972 ,
118 1921 223 1974 contra
237 1930 306 1974 cunr
321 1915 488 1988 advocant,
504 1916 552 1975 cui
567 1916 627 1990 ipsi
645 1916 777 1976 adluturi
792 1924 878 1986 sunt,
894 1924 925 1977 et
939 1925 1011 1977 ante
1025 1916 1091 1979 illos

117 1999 210 2057 sterni
232 2014 322 2072 quam
344 1999 419 2072 erigi
439 2001 559 2060 volunt:
587 1998 751 2059 inhumana
772 2000 830 2061 ista
849 2015 999 2074 perverse
1018 2001 1092 2076 grati

117 2080 209 2141 animi
229 2089 336 2140 natura
358 2089 406 2142 est
419 2089 524 2141 contra
546 2097 614 2140 eum
630 2090 751 2156 optare,
773 2083 822 2145 cui
838 2083 969 2144 honeste
983 2086 1092 2150 deesse

118 2180 176 2223 non
194 2180 307 2236 pOSSls.

85 2259 100 2313 1
175 2246 281 2304 XXVI.
304 2247 389 2319 „Non
407 2254 512 2320 nocet,
527 2248 638 2322 inquit,
654 2248 696 2307 iili
711 2256 813 2308 votum
830 2265 948 2323 meum,
965 2251 1038 2326 quia
1054 2252 1091 2311 si·

115 2330 176 2388 rnul
192 2336 265 2402 opto
281 2337 311 2391 et
325 2329 492 2404 periculum
508 2339 538 2391 et
551 2332 750 2392 remedium.“
777 2332 844 2392 Hoc
856 2333 934 2394 dicis
956 2333 1091 2399 nonnihil

116 2419 145 2471 te
162 2428 307 2486 peccare,
329 2414 385 2474 sed
400 2413 500 2474 minus
516 2431 607 2489 quam
628 2415 655 2474 si
676 2416 743 2475 sine
765 2416 902 2477 remedio
923 2418 1090 2491 periculum

116 2504 252 2570 optares.
289 2496 429 2572 Nequitia
449 2506 496 2558 est
517 2506 547 2558 ut
568 2499 711 2561 extrahas
733 2514 883 2573 mergere,
909 2509 1049 2562 evertere
1062 2508 1092 2561 ιιι

117 2580 263 2652 susciteS,
283 2587 316 2640 ιιι
335 2582 453 2641 emittas
475 2581 642 2643 includere.
675 2599 736 2642 non
757 2582 1003 2649 estbeneiicium
1017 2584 1089 2646 iniu-

116 2664 180 2723 riae
194 2665 274 2725 tinis.
305 2679 362 2724 nec
379 2680 525 2738 umquam
539 2667 571 2727 id
586 2667 758 2727 detraxisse
775 2665 912 2726 meritum
928 2675 992 2740 est,
1008 2667 1089 2744 quod

83 2764 101 2817 q
115 2748 182 2820 ipse
199 2746 252 2821 qui
266 2748 398 2807 detraxit
418 2749 568 2810 intulerat.
596 2750 662 2810 Non
680 2751 824 2811 volueres
841 2765 889 2809 me
904 2751 985 2812 malo
1002 2768 1089 2827 quam

116 2845 217 2889 sanes.
247 2837 335 2902 potes
357 2831 433 2891 inire
448 2834 591 2907 gratiam,
608 2835 648 2904 si,
666 2833 738 2908 quia
753 2833 929 2895 volneratus
945 2849 1030 2909 sum,
1045 2851 1089 2895 sa·

115 2929 181 2972 iras.
205 2928 282 2984 non,
297 2913 324 2971 si
339 2916 497 2987 volueras,
519 2925 551 2976 ut
566 2917 722 2985 sanandus
738 2916 811 2975 sim=
832 2933 999 2993 numquam
1014 2917 1088 2979 cica-

114 2996 173 3055 trix
187 2994 247 3057 nisi
261 2996 370 3057 collata
381 3001 496 3059 volneri
510 3001 631 3074 placuit,
645 2999 727 3073 quod
743 3000 784 3059 ita
799 3001 901 3060 coisse
912 3002 1088 3074 gaudemus.

115 3087 229 3140 utnon
253 3079 350 3140 luisse
371 3083 539 3142 mallemus
574 3082 608 3142 Si
628 3081 688 3141 hoc
708 3082 735 3140 ei
756 3090 896 3157 optares,
920 3085 1009 3144 cuius
1025 3085 1086 3147 nul·

115 3164 175 3221 lum
189 3162 371 3224 beneficium
386 3165 532 3237 haberes
547 3165 744 3224 inhumanum
760 3174 825 3226 erat
840 3175 958 3227 votum=
978 3173 1088 3257 quanto

114 3245 308 3308 inhumanius
324 3247 352 3308 ei
367 3257 472 3323 optas,
489 3249 537 3309 cui
552 3248 735 3310 beneficium
749 3249 866 3311 debesa

88 3340 101 3390 1
179 3332 299 3393 XXVll.
330 3331 462 3405 „Simul,
492 3332 602 3427 inquit,
631 3341 663 3392 ιιι
688 3333 805 3407 possim
834 3335 913 3393 lerre
934 3333 978 3395 illi
1001 3347 1088 3410 opem

115 3418 253 3488 precor.‘
287 3415 433 3489 Primum,
453 3421 486 3474 ut
501 3422 529 3474 te
544 3415 574 3474 in
590 3416 691 3477 media
704 3424 791 3492 parte
803 3415 865 3477 toti
878 3417 918 3477 tui
931 3431 1091 3495 occupem,
