2364 3840
114 180 178 243 290
405 179 438 239 L.
459 179 604 239 ANNAEI
628 179 804 241 SENECAE

114 341 200 411 parte
212 348 422 408 suppressam.
439 332 518 391 idem
528 330 643 391 Sidone
655 330 981 393 accidissePosidonio
992 334 1091 394 crede

113 434 171 478 uec
186 418 224 477 ad
241 416 301 476 hoo
317 416 445 475 testibus
461 431 541 490 opus
557 424 618 476 est:
641 414 832 476 meminimus
847 416 928 477 enim
941 417 1033 477 terris
1049 418 1089 476 in-

112 511 198 563 terno
225 508 308 561 motu
334 500 463 560 divulsis
489 501 558 559 locu
582 499 710 559 disiecta
733 506 763 558 et
788 515 915 575 campos
940 500 1091 561 interisse.

113 585 213 661 quod
247 584 319 643 iam
352 585 492 661 dicam,
525 582 843 657 quemadmodum
871 584 1091 644 existimem

113 668 212 727 lieri.

85 761 100 814 1
174 752 266 810 XXV.
291 751 364 809 Cum
381 747 507 822 spiritus
523 764 632 824 magna
647 750 676 807 vi
688 765 819 809 vacuum
830 758 982 810 terrarum
992 752 1091 811 locum

113 836 235 910 penitus
252 832 388 907 opplevit
402 832 566 906 coepitque
581 834 673 893 rixari
687 833 771 893 etde
785 835 870 893 exitu
880 832 1035 908 cogitare,
1051 836 1090 893 la-

113 927 178 977 tera
193 919 276 991 ipsa,
299 917 375 974 iuter
392 932 471 988 quac
487 917 571 990 latet,
592 916 718 991 saepius
735 917 879 992 percutit,
902 934 1000 992 supra
1015 932 1091 992 quae

113 1001 206 1060 urbes
222 1000 372 1059 interdum
388 999 464 1057 sitae
479 1007 560 1060 suut.
586 1000 663 1059 haec
680 1016 909 1075 nonnumquam
925 1001 1006 1062 adeo
1022 1017 1090 1060 con-

114 1085 275 1156 cutiuntur,
298 1090 332 1141 ut
346 1082 486 1142 aedilicia
501 1082 698 1159 superposita
711 1084 928 1158 procumbant,
944 1100 1090 1144 uounruu·

114 1184 205 1240 quam
220 1168 250 1225 in
267 1175 395 1239 tantum,
411 1175 443 1225 ut
458 1167 605 1241 parietes,
624 1167 736 1241 quibus
752 1168 847 1227 fertur
858 1183 951 1229 omne
961 1168 1090 1244 tegimen

114 1252 196 1323 cavi,
220 1250 363 1310 decidant
383 1250 413 1308 in
436 1251 518 1309 illurn
540 1251 806 1311 subtervacantem
827 1254 931 1311 locum
950 1258 1090 1325 totaeque

84 1335 205 1397 hurbes
227 1335 257 1392 in
279 1334 448 1393 inmensam
474 1334 662 1393 altitudinem
689 1341 824 1409 vergant.
866 1334 900 1395 Si
926 1336 1005 1395 velis
1030 1349 1090 1395 cre-

114 1420 202 1490 dere,
226 1419 309 1477 aiunt
322 1417 487 1490 aliquando
505 1415 613 1477 Ossam
626 1416 757 1495 Olympo
770 1418 967 1493 cohaesisse,
984 1416 1091 1479 deiude

113 1510 262 1562 terrarum
283 1508 367 1560 motu
387 1502 558 1561 recessisse
580 1509 609 1560 et
629 1500 734 1561 fissam
748 1500 839 1561 unius
854 1503 1091 1576 magnitudinem

114 1584 225 1645 montis
247 1586 274 1642 in
298 1585 375 1642 duas
392 1592 503 1657 partes.
528 1593 600 1644 tunc
615 1583 762 1659 effugisse
776 1584 915 1659 Peneon,
941 1587 996 1661 qui
1010 1587 1091 1661 palu·

115 1670 186 1741 des,
210 1668 321 1741 quibus
344 1666 492 1726 laboravit
507 1668 680 1742 Thessalia,
704 1669 831 1729 siccavit
844 1669 989 1731 abductis
1005 1671 1035 1729 in
1050 1684 1091 1740 se,

116 1767 195 1825 qliae
212 1752 279 1809 sine
294 1751 376 1809 exitu
388 1758 617 1826 stagnaverant,
636 1752 736 1827 aquis.
770 1753 877 1813 Ladon
889 1752 1006 1814 flumen
1019 1755 1092 1813 iuter

113 1835 180 1893 Elin
203 1841 233 1893 et
253 1834 476 1909 Megalenpolin
499 1836 616 1896 medius
638 1844 698 1909 est,
722 1851 813 1911 quem
829 1845 980 1897 terrarum
995 1842 1092 1897 motus

85 1918 230 1980 colludit.
266 1917 323 1977 Per
344 1918 403 1977 hoc
425 1920 500 1994 quid
521 1920 640 1994 probo‘t
669 1918 699 1979 in
720 1922 809 1981 laxos
831 1934 948 1996 specus
961 1956 1009 1969 -
1022 1919 1092 1996 quid

114 2002 194 2062 enim
214 2001 294 2061 aliud
320 2002 471 2076 adpellem
493 2004 562 2064 loca
582 2018 680 2062 vacua
701 2003 759 2063 sub
780 2010 939 2069 terrat-
954 2004 1092 2079 spiritum

115 2087 289 2147 convenire.
319 2086 402 2160 quod
424 2087 482 2146 uisi
498 2095 596 2161 esset,
616 2102 727 2159 magna
741 2093 889 2147 terrarum
904 2087 1009 2162 spatia
1024 2102 1091 2148 cou-

114 2176 310 2228 movcrentur
327 2177 357 2229 et
377 2187 438 2229 una
460 2172 551 2230 multa
571 2171 748 2232 titubarenlr
776 2186 859 2230 nunc
873 2170 1009 2249 exiguae
1026 2186 1090 2250 par·

114 2260 160 2311 tes
176 2251 316 2311 laborant
329 2267 386 2311 nec
401 2270 544 2328 umquam
562 2270 616 2328 per
631 2256 762 2316 ducenta
776 2256 859 2316 milia
871 2264 976 2319 motus
991 2265 1088 2319 exten·

115 2336 203 2395 ditur.
245 2335 327 2395 Ecce
347 2335 411 2410 hic,
441 2336 493 2413 qui
512 2339 638 2413 inplevit
654 2339 763 2399 sabulis
779 2338 899 2412 orbem,
922 2356 982 2401 nec
996 2349 1091 2402 traus-

85 2420 234 2484 escendit
255 2420 458 2495 Campaniam.
496 2422 573 2495 Quid
594 2424 707 2496 dicam,
731 2438 800 2483 cum
822 2422 943 2485 chalcis
966 2424 1091 2496 tremuit,

114 2505 234 2565 Thebas
250 2505 394 2565 stetisset
416 2521 483 2565 cum
498 2507 647 2566 laboravit
660 2508 804 2583 Aegium,
823 2514 885 2567 tam
902 2509 1091 2585 propinquas

114 2591 155 2651 illi
176 2589 281 2650 Patras
302 2590 341 2648 de
366 2598 448 2650 motu
470 2590 542 2649 nihil
563 2592 710 2650 audisset
735 2590 787 2650 illa
807 2598 894 2651 vasta
915 2592 1091 2663 concussio,

116 2690 195 2751 quae
213 2676 289 2734 duos
306 2677 479 2748 suppressit
493 2674 601 2746 urbes,
623 2674 748 2734 Helicen
763 2683 795 2735 et
807 2676 916 2751 Burin,
929 2678 1022 2737 ‘circa
1035 2678 1090 2735 Ae

114 2760 195 2831 glum
214 2759 355 2818 constitit.
392 2759 530 2832 Adparet
544 2774 631 2832 ergo,
654 2759 683 2817 in
700 2766 816 2819 tautum
830 2760 966 2835 spatium
980 2768 1091 2822 motum

114 2842 312 2915 protendere,
333 2850 477 2915 quantum
492 2842 542 2901 illa
558 2843 614 2902 sub
630 2842 718 2902 terris
733 2844 870 2903 vacantis
889 2842 950 2905 looi
961 2842 1091 2905 inanitas

115 2932 225 2998 pateat.
832 2975 835 2980 .

87 3017 102 3070 1
176 3006 284 3067 XXVl.
310 3008 448 3070 Poteram
472 3012 511 3071 ad
531 3011 590 3070 hoc
608 3010 798 3085 probandum
815 3010 898 3071 obuli
913 3011 1092 3073 auctoritate

115 3107 293 3166 magnorum
314 3091 465 3169 virorum,
490 3096 540 3170 qui
560 3096 735 3170 Aegyptum
750 3110 916 3168 numquam
929 3094 1093 3155 tremuisse

115 3177 246 3236 tradunt.
268 3177 414 3236 rationem
430 3186 529 3239 autem
542 3179 632 3238 huius
643 3180 687 3238 rei
698 3178 777 3239 hanc
788 3178 938 3253 reddunt,
955 3178 1044 3255 quod
1054 3194 1094 3238 ex

115 3261 186 3319 limo
201 3267 264 3320 tota
280 3263 477 3322 concreverit.
503 3270 617 3322 tautum
632 3263 727 3336 enim,
750 3263 776 3323 si
790 3262 924 3323 Homero
939 3262 1021 3323 tides
1037 3269 1093 3335 esi,

116 3343 220 3404 aberat
241 3361 259 3404 a
280 3346 443 3405 continenti
459 3346 590 3419 Pharos
612 3355 757 3421 quantum
771 3346 858 3406 navis
873 3344 986 3409 diurno
1001 3360 1093 3409 cursu

115 3428 212 3487 metiri
227 3428 326 3503 plenis
342 3432 402 3490 lata
417 3430 493 3490 velis
508 3436 626 3506 polest,
647 3431 703 3491 sed
719 3427 884 3492 continenti
895 3430 1022 3493 admota
1031 3438 1093 3511 este
