2364 3840
160 202 203 263 llll
384 254 388 261 .
442 199 474 257 L.
495 198 641 259 nunaut
662 198 837 258 SENECAE

162 357 267 416 invitet
289 370 346 413 nec
366 353 536 413 absterreat
555 353 666 411 damno
689 352 830 426 adeoque
852 352 1011 413 neminem
1034 372 1098 430 spe
1118 372 1146 417 at

162 440 380 515 pollicitatione
396 442 585 510 corrumpat,
601 443 634 495 ut
649 443 754 494 contra
766 435 937 509 inpendere
948 435 982 496 in
997 455 1036 498 se
1049 441 1145 501 iubeat

162 535 190 583 ct
208 524 334 599 strepins
351 523 380 580 in
398 522 476 581 nitro
492 519 611 578 tributis
626 519 686 579 sitt
714 519 843 579 Calcatis
859 520 1047 583 utilitatibus
1065 525 1105 584 ed
1118 526 1144 585 il·

162 612 219 667 lain
236 607 370 665 carrdum
385 612 446 675 est,
471 617 666 678 quocumque
682 601 815 676 vocavit,
838 620 1046 680 quocumque
1062 610 1144 681 misit,

161 694 227 751 sinc
242 696 386 765 respectu
400 686 446 746 rei
457 688 622 746 familiaris.
655 687 805 746 interdum
817 688 906 746 etiarn
919 689 992 748 sine
1004 692 1073 751 ullo
1084 709 1144 753 sau

160 776 261 849 gtlillls
284 774 331 833 sni
354 769 542 847 parsimonia
556 771 731 830 vadendum
747 786 804 830 nee
819 788 969 845 tanquam
983 772 1144 850 imperium

130 862 226 919 :teins
255 856 495 917 detrudendum.
541 854 640 928 „Quid
666 871 855 929 consequar,
884 854 1003 930 inquit,
1038 858 1070 919 si
1095 861 1144 921 hot

161 941 291 1012 lortitcr,
315 941 341 999 si
362 940 423 999 hoe
438 947 524 1014 grate
545 940 693 998 lecerol“
728 938 816 1012 Quod
838 939 967 999 loceris:
999 942 1083 1004 nihil
1101 942 1143 1005 tibi

160 1033 247 1085 extre
262 1024 451 1098 promittitur.
488 1024 515 1082 si
530 1021 604 1097 quid
620 1023 698 1083 forte
714 1022 873 1082 obvenerit
884 1027 1060 1101 commodi,
1077 1027 1143 1088 inter

160 1109 360 1169 accessiones
386 1107 570 1167 numerabis.
609 1122 710 1166 rerum
734 1106 932 1166 honestarum
957 1110 1101 1182 pretium
1119 1113 1142 1171 in

160 1193 237 1267 ipsis
259 1200 314 1252 εει.
353 1192 385 1251 Si
407 1192 570 1252 honestum
592 1206 647 1265 per
667 1206 702 1249 se
718 1191 926 1265 expetendum
941 1200 1009 1268 est,
1033 1196 1142 1256 benefi-

160 1277 240 1337 cium
261 1285 362 1337 autem
383 1276 545 1336 honestum
561 1281 621 1346 est,
643 1291 703 1334 non
720 1281 822 1348 potest
837 1276 897 1334 alia
911 1272 983 1336 eius
1003 1279 1141 1341 condicio

160 1377 246 1435 esse,
273 1377 341 1421 eum
357 1361 464 1419 eadem
483 1366 590 1418 notura
606 1358 653 1416 sit.
690 1358 797 1418 Perse
813 1366 914 1419 autem
932 1365 1141 1436 expetendum

49 1492 58 1507 .
159 1461 231 1505 esse
246 1445 409 1504 honestum
424 1458 520 1517 saepe
535 1450 564 1501 et
581 1441 703 1500 abunde
718 1442 878 1517 probatum
894 1449 952 1502 εει.

132 1543 146 1593 1
221 1529 257 1587 ll.
287 1528 328 1585 ln
356 1527 426 1585 hac
448 1533 559 1600 parte
580 1526 692 1585 nobis
716 1542 844 1600 pugna
864 1533 926 1587 est
950 1544 1041 1590 cum
1063 1532 1140 1608 Epi·

159 1600 364 1672 euredrum
392 1609 562 1669 delicato
587 1615 623 1668 et
645 1609 858 1670 umbratica
878 1611 995 1681 turba
1021 1615 1139 1679 incon

161 1696 243 1754 vivio
266 1710 323 1754 suo
346 1691 636 1768 philosophantium.
672 1711 689 1752 a
697 1696 772 1770 pud
795 1711 892 1769 quos
920 1696 1059 1759 virtus
1083 1718 1138 1761 vo·

159 1781 350 1853 luptatum
379 1778 557 1837 ministra
582 1786 656 1838 est:
691 1778 750 1838 illis
773 1787 875 1853 paret,
907 1776 969 1840 illis
998 1783 1138 1855 desernit,

130 1863 225 1927 uillas
243 1880 336 1938 supra
351 1879 386 1922 se
401 1863 493 1923 videt.
530 1863 616 1936 „Non
632 1871 693 1937 est,
710 1863 824 1937 inquis,
844 1864 990 1936 voluptas
1005 1867 1079 1928 sine
1090 1870 1137 1928 rir-

159 1953 253 2009 tute.“
293 1946 355 2007 Sed
378 1962 474 2022 quare
497 1954 567 2006 ante
586 1949 724 2006 virtutem
746 1953 814 2006 estl
846 1947 891 2006 Do
913 1949 1031 2010 ordine
1057 1961 1138 2028 pons

159 2032 395 2108 disputationem
412 2039 505 2090 esset
528 2032 566 2089 de
581 2047 615 2087 re
633 2037 694 2089 tota
706 2038 735 2088 et
747 2031 786 2089 do
799 2036 952 2105 potestate
965 2034 1040 2095 eius
1053 2036 1138 2096 ambi-

158 2119 246 2192 gitur.
286 2132 347 2175 non
375 2123 423 2175 εει
450 2116 561 2185 virtue,
589 2113 615 2171 si
637 2113 726 2187 sequi
747 2122 857 2188 potest.
894 2113 1019 2189 primae
1043 2128 1139 2195 partes

159 2201 226 2260 eius
248 2205 333 2258 sunt:
365 2199 478 2259 ducere
499 2196 604 2267 debet,
626 2195 790 2270 imperare,
814 2214 933 2258 summo
954 2200 1032 2262 loeo
1050 2213 1138 2265 stares

130 2289 188 2343 ttu
204 2284 285 2341 illam
300 2283 387 2342 iubes
403 2281 523 2356 signum
539 2285 653 2351 petere.
689 2281 802 2353 „Quid
825 2280 937 2357 inquit,
955 2289 1013 2345 tua
1029 2290 1138 2348 reiertl

159 2374 266 2441 elego
289 2367 355 2425 sine
376 2367 487 2424 virtute
508 2376 587 2434 nego
609 2362 729 2422 beatam
749 2365 841 2424 vitam
864 2382 961 2440 posse
984 2379 1138 2432 constare

157 2452 259 2526 ipsam
275 2453 462 2525 voluptatem
478 2460 570 2519 quarn
586 2460 714 2520 sequor,
738 2447 787 2507 oui
801 2465 850 2507 me
866 2451 1084 2530 emancipant,
1099 2471 1138 2515 re

72 2532 80 2545 '
156 2545 240 2596 moto
264 2537 315 2595 illa
340 2531 470 2606 inprobo
493 2535 522 2586 et
543 2527 685 2588 damno.“
700 2532 764 2590 -De
790 2532 849 2593 hoc
869 2548 931 2592 uno
952 2535 1137 2613 disputatur,

157 2629 257 2681 utrum
279 2619 375 2679 virtus
397 2611 507 2670 summi
524 2610 597 2670 boni
614 2627 708 2672 eausa
722 2615 761 2673 sit
776 2632 814 2674 an
830 2617 899 2692 ipsa
913 2634 1077 2684 summum
1091 2625 1137 2685 bo·

157 2720 240 2762 num.
274 2701 315 2760 Ut
328 2698 387 2756 hoe
403 2712 496 2755 unum
512 2702 689 2770 quaeratur,
713 2697 829 2759 ordinis
846 2707 961 2760 tanturn
978 2708 1137 2768 existimas

157 2784 376 2843 mutationem?
398 2780 458 2839 iste
472 2795 545 2839 vero
562 2779 702 2840 conlusio
719 2790 766 2841 ost
781 2790 811 2841 et
824 2784 990 2847 manifesta
1006 2793 1137 2853 caecitas

128 2871 146 2923 4
159 2864 263 2941 primis
276 2855 433 2938 p'ostrema
446 2862 609 2939 praeferre.
642 2864 708 2924 Non
722 2864 877 2940 indignor,
900 2870 986 2942 quod
999 2885 1080 2948 post
1092 2892 1137 2936 vo·

157 2952 304 3023 luptatem
320 2947 442 3023 ponitur
455 2947 566 3020 virtuS,
586 2948 643 3006 sed
659 2949 743 3023 qnod
759 2952 880 3010 omnino
897 2967 965 3012 eum
978 2960 1137 3036 uoluptate

159 3033 331 3092 conseratur
347 3031 547 3106 contemptrix
562 3029 628 3092 eius
644 3039 673 3091 et
688 3032 786 3092 hostis
802 3041 831 3094 et
842 3033 1028 3109 longissime
1039 3044 1083 3105 ab
1095 3045 1137 3103 illt

157 3117 314 3191 resiliens,
332 3116 428 3177 labori
443 3130 480 3172 ac
495 3114 593 3173 dolori
609 3116 797 3191 latniliarior,
815 3118 951 3179 virilibus
966 3121 1135 3189 incommo

160 3201 223 3276 dis,
247 3219 337 3278 qnam
353 3199 403 3259 isli
419 3196 591 3258 effeminato
606 3200 699 3260 bono.

130 3296 145 3348 1
220 3279 570 3357 111.„1oserendahaec,
593 3284 633 3342 mi
648 3279 811 3356 Liberale,
834 3285 970 3360 luerunt,
998 3294 1135 3366 quiana

157 3371 315 3441 neiioinm,
344 3367 383 3426 de
405 3378 465 3444 quo
489 3379 569 3424 nuno
592 3367 704 3440 agitur,
736 3367 809 3426 dare
829 3368 947 3428 virtutis
964 3381 1065 3439 estet
1082 3388 1134 3441 tur·

157 3455 319 3531 pissimum
335 3451 365 3508 id
377 3463 470 3507 oense
482 3448 572 3506 ullius
585 3450 709 3508 alterins
721 3449 764 3507 rei
777 3450 865 3522 dare,
883 3469 974 3525 quam
985 3468 1022 3520 ut
1035 3462 1135 3524 daton
