2364 3840
250 217 299 279 DE
322 218 534 279 BENEFICIIS
556 220 692 280 tisim
715 227 811 280 1—4.
842 290 855 312 .
974 218 1015 282 61

39 374 90 432 sit.
125 371 200 429 Nam
221 371 247 429 si
267 371 435 445 recipiendi
457 387 513 444 spe
534 371 747 446 tribueremus,
774 373 1015 446 locupletissimo

40 455 168 529 cuique,
193 471 254 514 non
270 453 449 527 dignissimo
463 455 615 514 daremus.
639 470 719 514 nunc
730 470 804 514 vero
817 455 901 515 diviti
913 457 1015 531 inpor-

39 547 114 599 tuno
131 554 298 613 pauperem
313 539 532 613 praeferamus.
553 554 614 598 non
627 546 673 598 est
684 537 867 598 beneficium
881 540 964 614 quod
976 540 1016 599 ad

40 624 193 682 fortunam
208 627 335 695 spectat.
371 621 546 693 Praeterea,
563 622 589 680 si
602 629 634 681 ut
645 623 865 696 prodessemus
879 624 946 682 sola
957 633 1044 684 nost

39 707 182 765 invitaret
203 703 331 778 utilitas,
354 704 476 764 minime
499 705 647 763 beneficia
664 706 845 765 distribuere
861 707 1016 782 deberent,

41 790 94 864 qui
121 789 260 847 facillime
285 795 429 862 possent,
457 789 627 861 locupletes
653 797 682 848 et
708 796 850 863 potentes
876 799 905 850 et
925 806 1016 866 reges

41 873 141 932 aliena
167 887 226 945 ope
251 888 313 930 non
338 872 519 944 indigentes.
567 872 604 929 di
635 889 726 932 vero
761 880 816 932 tot
845 890 1016 949 munera,

42 971 123 1030 quae
151 955 235 1015 sine
263 955 557 1014 intermissione
589 955 728 1016 diebus
761 971 802 1014 ac
833 956 1016 1017 noctibus

41 1039 222 1111 fundunt,
252 1055 313 1096 non
334 1038 451 1098 darent.
484 1039 514 1096 in
537 1039 637 1097 omnia
658 1039 735 1097 enim
757 1039 816 1098 illis
837 1049 945 1101 natura
961 1057 1018 1100 sua

42 1121 157 1182 sullicit
177 1121 349 1195 plenosque
370 1129 399 1182 et
417 1130 499 1181 tutos
521 1128 550 1180 et
565 1122 755 1181 inviolabiles
772 1130 921 1196 praestat:
943 1125 1018 1184 nulli

41 1220 116 1278 ergo
140 1204 322 1263 beneficium
343 1205 471 1278 dabunt,
494 1207 520 1264 si
542 1221 603 1263 una
624 1205 716 1263 dandi
740 1215 902 1266 causaest
923 1223 958 1266 se
973 1208 1017 1266 in-

42 1289 121 1349 tueri
145 1304 180 1347 ac
202 1304 291 1347 suum
314 1290 516 1348 commodum.
552 1288 635 1348 Istud
657 1304 718 1347 non
740 1288 937 1363 beneficium,
962 1290 1047 1354 seda

41 1375 131 1432 lenus
147 1379 209 1446 est,
234 1371 470 1446 circumspicere
488 1389 549 1432 non
564 1373 615 1431 ubi
632 1372 744 1446 optime
760 1388 873 1447 ponas,
896 1373 951 1432 sed
967 1373 1018 1432 ubi

42 1456 319 1532 quaestuosissime
333 1455 465 1530 habeaS,
484 1457 565 1516 unde
578 1457 717 1515 lacillime
730 1457 828 1516 tollas.
853 1457 1018 1531 quodcum

39 1542 133 1614 longe
149 1557 166 1598 a
182 1541 229 1599 dis
243 1546 390 1600 remotum
407 1540 459 1613 sit,
483 1540 619 1613 sequitur
636 1541 676 1600 uti
693 1539 835 1598 liberales
850 1540 926 1601 sint=
948 1555 1019 1599 nam

41 1625 68 1685 si
91 1640 152 1684 una
172 1622 314 1682 beneficii
334 1623 426 1682 dandi
445 1639 538 1682 eausa
559 1624 598 1681 sit
613 1624 711 1682 dantis
726 1625 837 1684 utilitas
854 1625 950 1696 (nulla
965 1640 1018 1683 au·

40 1717 103 1770 tem
124 1722 163 1765 ex
178 1706 267 1764 nobis
282 1705 395 1764 utilitas
411 1706 470 1765 deo
486 1707 639 1779 speranda
655 1711 728 1782 est),
751 1708 834 1767 nulla
850 1710 908 1768 deo
925 1707 1018 1768 dandi

42 1787 188 1852 beneficii
203 1803 298 1846 causa
312 1795 368 1846 est.
875 1853 877 1856 ,

105 1873 158 1931 IV.
188 1870 259 1930 Seio
284 1871 436 1945 quidhoc
457 1872 525 1930 loeo
546 1871 786 1945 respondeatur:
815 1875 937 1947 „itaque
955 1882 1045 1934 nonl

42 1959 96 2018 dat
110 1956 187 2015 deus
204 1954 367 2028 beneficia,
384 1954 440 2013 sed
452 1969 579 2014 securus
592 1962 621 2014 et
633 1955 799 2028 neglegens
812 1957 916 2028 nostri,
932 1973 1018 2016 aver-

41 2059 98 2103 sus
116 2057 134 2100 a
148 2041 262 2100 mundo
278 2039 360 2099 aliud
376 2038 437 2113 agit
452 2046 516 2111 aut,
540 2054 619 2112 quae
634 2037 766 2097 maxima
780 2038 913 2114 Epicuro
926 2040 1019 2098 felici·

39 2135 89 2187 las
104 2125 239 2196 videtur,
263 2124 336 2183 nihil
352 2124 413 2196 agit
428 2138 485 2182 nec
499 2122 596 2197 magis
613 2123 696 2182 illum
708 2123 857 2183 beneficia
870 2139 960 2197 quom
974 2122 1018 2182 in·

39 2210 138 2271 iuriae
159 2212 316 2282 tangunt.“
350 2207 417 2266 Hoc
438 2207 489 2282 qui
513 2207 585 2267 dicit
605 2223 665 2266 non
690 2208 815 2268 exaudit
832 2209 1048 2282 precantiuml

39 2308 137 2354 voces
154 2301 184 2351 et
197 2293 333 2366 undique
347 2292 476 2361 sublatis
493 2291 524 2349 in
540 2292 658 2351 eoelum
670 2292 810 2352 manibus
825 2299 896 2352 vota
906 2291 1019 2351 iacien-

40 2379 117 2439 tium
133 2376 252 2448 privata
267 2390 303 2434 ac
319 2375 451 2448 publiea.
482 2376 565 2450 quod
581 2376 720 2449 prolecto
737 2392 799 2434 non
813 2376 901 2436 lieret
914 2390 972 2434 nec
987 2377 1018 2434 in

41 2461 126 2519 hunc
146 2460 279 2517 lurorem
302 2474 407 2518 omnes
423 2459 566 2518 mortales
583 2461 816 2518 consensissent
832 2459 1019 2531 adloquendi

43 2542 140 2603 surda
153 2542 277 2601 numina
291 2549 321 2602 et
337 2540 513 2601 inefficaces
529 2542 621 2616 deos,
644 2541 702 2600 nisi
718 2558 882 2601 nossemus
899 2541 1020 2599 illorum

42 2626 194 2685 beneficia
207 2641 288 2686 nunc
305 2625 405 2685 oblata
420 2627 514 2698 ultro,
533 2641 613 2685 nunc
629 2625 786 2686 orantibus
800 2625 885 2696 data,
900 2639 1019 2696 magna,

31 2711 233 2783 tempestiva,
249 2710 387 2784 ingentes
400 2710 498 2768 minas
511 2710 680 2768 interventu
693 2725 749 2767 suo
762 2707 920 2767 solventia.
946 2706 1019 2780 Quis
1031 2712 1048 2765 3

41 2800 91 2854 est
106 2800 207 2851 autem
221 2799 281 2852 tam
297 2793 404 2866 miser,
425 2799 486 2851 tam
504 2794 675 2865 neglectus
702 2791 769 2866 quis
784 2796 845 2849 tam
861 2790 938 2850 duro
956 2793 1018 2851 lato

40 2886 72 2938 et
93 2878 124 2935 in
144 2891 275 2949 poenam
289 2878 424 2950 genitus,
447 2884 556 2936 utnon
571 2883 684 2934 tantam
701 2875 826 2936 deorum
843 2875 1018 2935 munificen-

40 2964 115 3023 tiam
136 2960 289 3019 senserim
326 2960 417 3034 Ipsos
438 2958 508 3019 illos
521 2961 739 3033 lconplorantes
758 2967 870 3019 sortem
887 2964 1019 3019 suamet

42 3035 419 3119 querulosfeircumspicez
441 3042 579 3102 invenies
596 3058 656 3101 non
672 3058 711 3102 ex
724 3051 787 3104 toto
799 3043 1019 3105 beneficiorum

42 3126 223 3188 coelestium
236 3138 394 3201 expertes,
411 3127 561 3186 neminem
574 3141 660 3201 esse,
676 3128 715 3187 ad
728 3143 819 3201 quem
831 3142 891 3187 non
904 3125 1019 3201 aliquid

42 3228 83 3270 ex
104 3211 155 3269 illo
178 3211 398 3285 benignissimo
420 3213 504 3271 sonte
520 3212 696 3271 manaverit.
732 3211 841 3271 Parum
857 3218 904 3270 est
919 3217 1020 3270 autom

41 3295 90 3365 id,
114 3296 197 3368 quod
214 3293 409 3354 nascentibus
426 3309 581 3369 exaequo
597 3295 807 3357 distributum
828 3303 860 3356 ut
876 3310 955 3369 quae
971 3309 1019 3353 se-

44 3384 179 3451 quuntm
189 3378 343 3454 inaequali
355 3379 533 3453 dispensata
544 3396 688 3441 mensura
699 3387 900 3450 transeamus,
913 3391 1021 3452 parum

40 3459 130 3521 dedit
144 3470 265 3539 natura,
288 3480 357 3525 cum
372 3479 407 3523 se
422 3462 527 3525 dedita
1074 3470 1076 3474 ’
