2364 3840
117 167 157 229 16
403 165 435 223 L.
458 163 603 222 ΑΝΝΑΕΙ
627 162 801 222 SENECAE

116 318 169 379 cit:
193 318 324 393 quitum
346 325 451 392 parate
472 317 555 388 tecit,
578 322 702 376 nonest
723 317 847 376 dublum
871 319 942 392 quin
961 317 1095 381 libenter

116 404 214 462 iaciat.
241 402 344 475 itaque
363 401 460 459 laetus
476 398 547 458 lacit
561 407 590 458 ct
606 398 703 458 induit
718 399 774 458 sibi
792 401 883 459 animi
899 399 948 460 sui
963 403 1092 463 voltum.

87 496 101 546 1
175 486 225 544 ΙΙΙ.
254 483 391 558 lugentia
412 483 613 557 quorumdam
636 482 784 542 beneficia
806 484 959 544 silentium
976 493 1030 545 aut
1047 489 1092 546 lo-

115 566 229 645 quendi
250 567 375 626 tarditas
397 566 509 624 imitata
526 566 703 640 gravitatem
724 572 754 624 et
776 567 924 627 tristitiam
941 569 1093 643 corrupit,

113 669 182 713 cum
197 649 405 727 promitterent
416 651 500 709 voltu
510 649 693 721 negantium.
718 657 831 722 quanto
843 651 951 711 melius
965 653 1093 712 adicere

111 736 194 795 bona
213 733 309 793 verba
328 733 420 792 rebus
440 732 530 792 bonis
552 740 582 791 et
603 732 830 806 praedicatione
849 733 982 795 humana
1003 735 1091 795 beni·

84 826 235 895 agnaque
251 815 464 875 commendare
485 830 564 888 quae
587 820 742 889 praestes!
779 817 819 876 Ut
834 817 883 876 ille
898 833 934 876 se
949 820 1091 893 castiget,

115 902 199 977 quod
225 898 341 958 tardior
365 899 551 972 irrogando
574 899 647 972 luit,
675 898 790 958 adicias
816 898 886 960 licet
909 901 1092 963 familiarem

114 986 285 1061 querelam:
308 980 445 1055 „irascor
458 982 525 1052 tibi,
548 982 715 1055 quodcum
732 982 846 1055 aliquid
861 984 1089 1058 desiderasses,

114 1084 174 1128 non
198 1068 268 1127 olim
289 1063 369 1125 scire
390 1080 438 1124 me
452 1065 591 1141 voluisti,
612 1065 697 1139 quod
712 1073 773 1125 tam
787 1065 947 1140 diligenter
961 1069 1090 1142 rogasti,

115 1151 198 1227 quod
211 1164 393 1225 quemquam
405 1148 579 1208 adhibuisti.
601 1163 659 1223 ego
671 1164 745 1208 vero
758 1151 893 1223 gratulor
904 1151 985 1222 mihi,
1004 1153 1091 1226 quod

114 1234 246 1308 experiri
263 1233 393 1291 animum
409 1247 509 1290 meum
524 1232 623 1291 libuit:
648 1239 757 1304 postca
769 1232 916 1308 quiequid
931 1234 1090 1294 desidera-

114 1318 176 1389 bis,
202 1326 253 1377 tuo
273 1317 338 1375 iure
359 1315 477 1389 exiges.
505 1317 599 1374 semel
624 1315 781 1375 rusticitati
802 1322 871 1376 tuae
888 1316 1091 1390 ignoscitur.“

85 1400 164 1460 asia
179 1401 311 1471 elficieS,
335 1407 367 1459 ut
382 1399 515 1457 animum
535 1406 617 1458 tuum
634 1400 729 1473 pluris
744 1400 883 1460 aestimet
897 1416 989 1474 quam
1006 1401 1091 1477 illud,

115 1484 261 1558 quicquid
290 1490 357 1554 est,
383 1482 422 1540 ad
449 1482 531 1556 quod
561 1482 725 1557 petendum
752 1492 884 1544 venerat.
925 1484 1012 1544 Tunc
1044 1493 1093 1545 est

114 1583 233 1629 summa
252 1565 347 1624 virtus
368 1563 540 1636 tribucum,
568 1573 638 1624 tnnc
658 1564 845 1640 benignitas,
868 1566 920 1626 ubi
941 1567 1009 1640 ille,
1038 1568 1091 1643 qui

114 1649 272 1720 discessit,
292 1648 372 1706 dicet
386 1647 459 1707 sibi:
486 1663 648 1723 „magnum
664 1649 756 1708 hodie
771 1649 888 1709 lucrum
903 1650 971 1708 leci.
1009 1653 1091 1712 malo

115 1733 200 1807 quod
221 1734 302 1790 illum
324 1733 412 1791 talem
433 1730 550 1804 inveni,
574 1747 665 1806 quam
687 1732 713 1791 si
728 1733 957 1807 multiplicatum
973 1733 1036 1794 hoc
1052 1733 1093 1794 ad

114 1832 162 1876 me
181 1816 232 1888 [de
247 1831 307 1889 quo
323 1814 482 1889 loquebar]
498 1816 557 1874 alia
571 1816 622 1874 via
637 1814 838 1890 peruenisset.
862 1815 933 1876 huic
944 1817 1014 1876 cius
1025 1817 1091 1877 ani-

113 1916 163 1961 mo
180 1914 343 1973 numquam
360 1913 464 1972 parem
479 1899 608 1957 referam
624 1899 781 1972 gratiam.“

85 1996 100 2047 1
174 1984 226 2041 lv.
242 1983 283 2040 At
294 1982 518 2057 pleriquesunt‚
532 1983 582 2056 qui
590 1982 740 2041 beneficia
748 1983 913 2057 asperitate
921 1984 1091 2044 verborum

113 2075 143 2126 et
165 2065 329 2140 supercilio
346 2063 375 2123 in
391 2065 492 2125 odium
512 2065 667 2125 adducunt
683 2081 720 2125 eo
739 2080 881 2126 sermone
896 2065 961 2139 usi,
984 2082 1025 2127 ea
1040 2083 1092 2128 su-

114 2148 235 2224 perbia,
262 2155 295 2207 ut
315 2148 486 2222 inpetrasse
509 2146 672 2221 poeniteat.
701 2149 778 2207 aliae
800 2149 911 2208 deinde
934 2157 1008 2224 post
1024 2166 1091 2210 rem

114 2231 296 2307 promissam
317 2241 485 2306 sequuntur
508 2246 628 2290 prorae:
654 2231 728 2290 nibil
747 2241 847 2293 autem
869 2240 917 2292 est
936 2233 1092 2309 acerbius,

84 2329 203 2391 aquam
225 2315 277 2374 ubi
299 2330 424 2390 quoque
445 2314 527 2389 quod
550 2314 721 2389 inpetrasti,
743 2316 914 2390 rogandum
934 2325 993 2377 est.
1031 2319 1093 2379 Re·

113 2397 337 2474 praesentanda
352 2404 424 2458 sunt
437 2397 600 2469 beneficia,
622 2414 702 2473 quae
717 2398 930 2474 aquibusdarn
944 2401 1093 2476 accipere

113 2483 265 2542 difficilius
288 2488 336 2541 est
353 2497 445 2556 quam
466 2482 631 2561 inpetrare:
653 2482 704 2542 hic
725 2483 882 2556 rogandus
905 2491 966 2558 est,
987 2493 1024 2545 ut
1038 2487 1091 2545 ad·

112 2574 247 2639 moneat,
276 2566 327 2625 ille
346 2572 379 2625 ut
400 2572 605 2624 consummet:
634 2566 679 2625 sic
701 2583 793 2639 upum
814 2583 924 2626 nrunus
940 2582 999 2642 per
1014 2570 1092 2628 mul·

112 2659 211 2710 torum
226 2650 331 2710 teritur
345 2664 469 2721 manus,
493 2664 532 2707 ex
548 2665 608 2722 quo
624 2649 736 2723 gratiae
751 2650 906 2709 minimum
917 2651 1005 2726 apud
1018 2668 1090 2727 pro·

112 2734 275 2793 mittentem
295 2739 446 2805 remanet,
474 2732 544 2807 quia
564 2732 681 2792 auctori
702 2732 832 2792 detrahit
854 2734 999 2808 quisquis
1021 2742 1093 2811 post

83 2816 194 2877 billum
216 2815 373 2889 rogandus
395 2821 450 2875 cst.
487 2816 554 2875 Huc
569 2815 671 2890 itaque
686 2832 777 2876 curae
791 2816 936 2889 habebis,
960 2816 991 2878 si
1004 2827 1092 2894 grate

113 2898 268 2961 aestimari
283 2913 362 2971 quae
377 2899 546 2971 praestabis
558 2901 661 2974 voles,
683 2907 716 2959 ut
728 2900 941 2962 beneficiatae
953 2899 1092 2977 inlibata,

111 2991 145 3043 ut
159 2986 277 3054 integra
288 2981 326 3039 ad
339 2995 408 3054 coS,
426 2982 537 3058 quibus
548 2985 701 3057 promissa
713 2992 797 3057 sunt,
815 2985 1008 3061 perveniant,
1024 2987 1092 3047 sinc

113 3068 175 3125 ulla
196 3063 281 3137 quod
299 3065 381 3124 aiunt
397 3067 587 3127 deductione.
617 3083 706 3128 nemo
722 3068 773 3127 illa
786 3068 972 3142 intercipiat,
999 3086 1091 3131 nemo

113 3149 260 3207 detineat:
288 3163 377 3209 nemo
399 3149 428 3208 in
452 3165 504 3223 eo,
534 3151 618 3225 quod
638 3152 762 3211 daturus
785 3167 834 3223 es,
855 3152 988 3224 gratiam
1003 3170 1092 3215 suam

114 3232 215 3289 lacere
231 3238 345 3305 potest,
368 3241 475 3293 utnon
491 3242 574 3293 tuam
587 3234 710 3294 minuat.

87 3324 99 3373 1
175 3317 212 3372 V.
235 3314 312 3374 Nihil
327 3331 425 3392 aeque
440 3333 574 3377 antarum
592 3335 682 3392 quam
698 3319 750 3378 diu
766 3317 911 3393 pendere.
939 3323 1092 3400 aequiore

115 3395 237 3472 qnidam
262 3400 361 3461 animo
384 3402 484 3461 lerunt
508 3402 643 3475 praecidi
667 3418 752 3477 spem
777 3418 864 3462 suam
886 3421 983 3477 qnam
1003 3404 1091 3470 trahi.
