2346 3832
260 64 312 124 DE
333 63 545 124 Buuurtctts
567 63 639 128 LlB.
652 65 718 123 Vll.
739 73 872 129 27—31.
994 65 1057 130 153

80 236 143 281 εεε.
178 218 336 280 Meliorem
358 217 442 277 illum
456 216 551 276 iacies
568 217 710 288 serendo,
731 217 837 291 utique
853 215 988 291 peiorem
1003 234 1056 278 ex·

80 301 268 378 probrando.
297 316 359 360 non
376 306 425 360 εει
440 300 524 374 quod
540 301 667 359 frontem
682 300 748 359 eins
764 300 904 359 indures:
927 301 1008 374 sine,
1031 303 1058 362 si
1073 372 1078 380 ¹

82 386 155 462 quid
171 394 219 447 est
231 385 357 460 pudoris
368 382 500 457 residui,
516 391 626 443 servet.
662 381 762 458 Saepe
777 382 899 442 dubiam
912 399 1058 444 verecun-

81 471 162 530 diam
182 485 247 530 vox
269 466 469 528 conviciantis
491 465 601 526 clarior
616 466 705 540 rupit.
734 467 869 527 nemoid
886 468 1059 541 essequod

83 554 140 613 ianr
155 552 277 612 videtur
291 552 384 611 timet.
406 550 561 624 deprenso
578 550 680 624 pudor
694 549 844 611 emittitur.

143 634 248 696 XXIX.
270 633 393 694 Perdidi
408 633 600 693 beneficium.
635 632 790 708 Numquid
802 649 881 708 quae
896 638 1085 695 consecra-1

82 721 196 791 vimus,
219 718 392 792 perdidisse
415 733 473 777 nos
496 716 646 776 dicimus?
672 718 748 776 inter
769 724 948 778 consecrata
965 718 1059 778 bene·

81 802 185 863 ficium
200 808 260 875 est,
285 799 403 861 etiamsi
416 800 495 860 maie
509 801 683 874 respondit,
702 800 782 860 bene
798 802 960 863 conlatum.
990 802 1059 861 Non

82 893 129 945 est
150 884 214 959 itte,
238 886 358 960 qualem
376 883 584 957 speravimus=
606 884 702 943 simus
718 900 791 957 nos,
811 886 917 958 quales
936 884 1058 959 inimus,

82 971 109 1029 ei
121 968 297 1028 dissimiles.
322 968 464 1027 damnum
477 965 766 1026 nonncnctactum=
787 967 937 1041 adparuit.
959 969 1058 1043 ingra-

82 1061 131 1113 tus
147 1068 210 1112 non
226 1052 291 1111 sine
307 1058 413 1110 nostru
430 1049 548 1125 pudore
562 1049 754 1125 protrahitur,
777 1051 919 1122 quoniam
936 1052 1059 1126 quidem

83 1137 209 1211 querela
225 1135 330 1194 amissi
345 1134 484 1193 beneficii
500 1150 561 1194 non
578 1133 654 1193 bene
666 1133 727 1192 dati
740 1131 859 1206 signum
872 1140 928 1192 est.
959 1134 1087 1207 Quen-2

82 1227 144 1280 tum
160 1235 344 1294 possumus,
367 1233 491 1277 causam
506 1219 572 1277 eius
589 1217 672 1291 apud
687 1232 745 1276 nos
761 1231 904 1290 agamus:
926 1218 1059 1276 fortasse

83 1320 142 1364 non
155 1301 262 1377 potuit,
276 1302 407 1361 tortasse
420 1299 579 1375 ignoravit,
592 1301 723 1360 sortasse
735 1301 870 1359 tacturus
883 1307 939 1359 est.
961 1299 1058 1372 Quae-

83 1387 152 1446 dam
174 1385 298 1445 nomina
317 1385 400 1444 bona
419 1386 518 1444 lentus
539 1400 574 1444 ac
595 1385 720 1458 sapiens
743 1382 875 1443 creditor
895 1383 982 1456 iecit,
1008 1383 1059 1458 qui

83 1470 228 1530 sustinuit
246 1484 283 1528 ac
302 1483 388 1529 mora
405 1467 489 1528 fovit.
526 1468 608 1527 idem
624 1468 713 1528 nobis
731 1468 903 1527 iaciendum
920 1473 982 1528 est:
1004 1484 1059 1528 nu-

82 1554 208 1614 triamus
225 1552 316 1611 iidem
333 1552 516 1625 languidam.

145 1637 238 1696 XXX.
268 1634 388 1694 Perdidi
410 1634 602 1695 beneficium.
643 1632 753 1704 Stulte,
784 1650 845 1694 non
867 1635 947 1694 nosti
968 1633 1088 1696 deni-1

83 1721 177 1780 menti
193 1719 233 1778 tui
249 1725 403 1793 tempora:
425 1718 600 1792 perdidisti,
623 1716 679 1776 sed
695 1731 763 1776 cunr
778 1716 879 1776 dares.
907 1733 987 1778 nunc
1005 1735 1058 1792 pa·

83 1806 142 1862 tam
164 1803 277 1861 iactum
298 1810 354 1862 εει.
388 1801 485 1861 Etiam
502 1801 531 1860 in
547 1801 608 1872 his,
632 1814 711 1874 quae
727 1798 868 1859 videntur
882 1800 912 1858 in
930 1801 1059 1873 perdito,

82 1886 253 1947 moderatio
275 1885 434 1959 plurimum
458 1884 585 1959 profuit:
608 1891 641 1943 ut
655 1898 819 1957 corporum
833 1882 874 1942 ita
890 1882 1059 1943 animorum

81 1971 213 2029 molliter
227 1968 300 2028 vitia
315 1968 471 2028 tractanda
486 1974 565 2028 sunt.
588 1982 683 2041 saepe
700 1966 783 2040 quod
798 1965 944 2040 explicari
955 1969 1058 2042 potuit,

82 2052 252 2127 pertinacia
270 2051 418 2112 trahentis
440 2052 601 2126 abruptum
622 2058 678 2110 εει.
715 2049 793 2122 Quid
811 2065 891 2124 opus
905 2056 953 2110 est
966 2049 1058 2110 male-

83 2135 196 2195 dietis‘t
219 2134 292 2207 qnid
309 2134 463 2210 querelis?
486 2136 559 2210 quid
575 2133 795 2195 insectatione?
817 2149 912 2208 quare
926 2134 1060 2216 illumi&

83 2219 196 2278 heras?
225 2233 320 2292 quare
337 2218 481 2278 dimittis?
508 2219 534 2278 si
555 2219 690 2292 ingratus
711 2225 773 2289 est,
795 2217 854 2277 iam
870 2218 942 2276 nihil
959 2218 1059 2277 debet.

83 2301 167 2376 Quae
187 2302 264 2360 ratio
286 2308 333 2362 est
354 2301 540 2361 exacerbare
560 2317 643 2372 eum,
667 2302 696 2359 in
720 2316 809 2375 quem
828 2317 938 2375 magna
954 2305 1092 2361 contu-r

82 2384 171 2457 teriS,
199 2391 233 2446 ut
253 2401 292 2444 ex
310 2385 407 2444 amico
425 2383 517 2446 dubio
534 2385 586 2444 fiat
600 2401 660 2445 non
678 2383 790 2445 dubius
806 2384 944 2443 inimicus
961 2390 990 2442 et
1004 2399 1058 2456 pa·

82 2467 246 2528 trocinium
267 2467 324 2527 sibi
344 2473 449 2528 nostra
465 2469 588 2528 infamia
603 2474 728 2541 quaerat
743 2482 798 2525 nec
815 2465 915 2525 desit?
946 2464 1058 2525 Nescio

83 2551 158 2626 quid
174 2558 237 2622 est,
261 2550 444 2624 quodcum,
461 2553 508 2611 cui
524 2559 637 2612 tantum
649 2550 767 2622 debuit,
782 2549 862 2607 serre
874 2564 933 2606 non
947 2548 1058 2622 potuit:

83 2634 191 2694 subest
202 2632 332 2707 aliquid:
348 2650 437 2695 nemo
450 2652 511 2696 non
523 2635 690 2708 superioris
704 2631 878 2707 dignitatem
892 2632 1059 2706 querendo,

82 2717 202 2776 etiamsi
219 2733 281 2776 non
298 2717 482 2792 inquinavit,
504 2718 665 2791 adspersit.
692 2732 749 2776 nec
766 2716 928 2790 quisquam
944 2715 1059 2790 fingere

83 2807 245 2861 contentus
270 2808 318 2861 est
341 2801 439 2874 levia,
466 2818 533 2861 cum
559 2799 766 2875 magnitudine
792 2799 943 2860 mendacii
968 2799 1059 2859 iidem

83 2890 219 2959 quaerat.
337 2939 341 2945 .

142 2967 248 3028 XXXI.
278 2967 395 3042 Quanto
415 2968 466 3026 itta
485 2966 592 3027 melior
614 2967 677 3039 via,
702 2984 762 3040 qua
777 2974 917 3028 servatur
932 2966 973 3025 illi
988 2977 1091 3040 spe-1

84 3052 146 3113 cies
162 3052 312 3112 amicitiae
327 3056 371 3121 et,
396 3051 422 3111 si
436 3052 547 3111 reverti
562 3050 601 3110 ad
614 3050 773 3110 sanitatem
783 3051 869 3123 velit,
886 3051 974 3110 etiam
986 3049 1060 3108 ami·

84 3136 165 3195 citiat
194 3134 299 3194 Vincit
319 3135 416 3194 malos
439 3133 578 3208 pertinax
599 3132 719 3194 bonitas
741 3150 798 3194 nec
815 3136 978 3209 quisquam
999 3139 1060 3191 tam

84 3218 149 3278 duri
171 3219 336 3291 infestique
358 3217 508 3276 adversus
524 3216 678 3289 diligenda
692 3217 783 3277 animi
798 3224 858 3290 est,
879 3223 911 3275 ut
924 3215 1014 3291 etiam
1028 3216 1060 3271 in

84 3300 221 3361 iniuriam
241 3301 343 3361 bonos
359 3317 420 3360 non
436 3306 528 3370 amet,
550 3299 661 3372 quibus
677 3299 737 3358 hoc
753 3315 876 3374 quoque
891 3296 992 3368 coepit
1007 3296 1058 3352 de-

86 3381 167 3462 bere,
184 3384 270 3461 quod
285 3385 399 3458 inpune
413 3399 474 3443 non
486 3383 586 3442 solvit.
619 3382 669 3441 Ad
683 3383 732 3442 iila
744 3384 846 3455 itaque
859 3377 1058 3451 cogitationes
1074 3383 1092 3432 ε
