2364 3840
262 216 404 276 unum.
428 213 750 288 unumunurn.
775 225 800 274 1.
811 223 837 274 a.
976 213 1038 278 ala

60 370 173 430 habeat
188 366 333 427 Siciliain
352 382 386 426 se
402 368 545 440 circaque
561 380 596 424 se
610 363 773 436 mirabilia,
798 381 904 425 omnes
920 367 1039 426 interim

60 451 237 529 provinciae
262 457 332 510 tuae
358 449 555 523 quaestiones
581 448 753 522 praeteribo
773 447 810 508 'et
829 449 857 507 in
882 449 1038 510 diversum

60 536 263 610 cogitationes
293 541 359 593 tuas
384 531 567 591 abstraham.
603 547 782 606 quaeram
809 534 888 591 enim
912 539 1038 592 tecum

60 621 113 692 id,
137 617 241 694 quod
262 617 468 690 superiore
490 614 594 675 libro
616 615 767 674 distuli:
797 616 888 690 quid
907 616 960 675 ita
976 617 1037 674 Ni-

60 719 120 762 .us
146 700 309 761 aestivis
334 698 539 758 mensibus
567 698 759 758 abundat?
791 701 840 758 cui
865 699 1038 759 Danubium

60 785 167 845 similis
194 789 319 842 naturae
349 781 524 856 philosophi
548 783 751 856 tradiderunt,
782 782 864 856 quod
892 790 921 842 et
945 782 1037 842 lontis

61 869 158 942 ignoti
173 875 203 926 et
217 873 333 926 aestate
350 881 440 940 quarn
452 865 551 923 hieme
565 866 663 923 maior
677 865 731 925 sit:
762 874 922 942 utrumque
942 867 1036 941 adpa-
1051 869 1068 920 2

60 953 121 1012 ruit
132 951 253 1010 salsum.
275 956 386 1008 namet
400 955 490 1022 caput
505 947 571 1006 eius
586 949 615 1005 in
632 948 793 1008 Germania
808 966 880 1008 esse
898 951 1037 1024 conperi-

60 1050 129 1094 mus
151 1041 182 1092 et
203 1040 318 1092 aestate
339 1033 462 1106 quidem
483 1031 589 1105 incipit
610 1046 765 1104 crescere,
789 1034 844 1092 sed
861 1034 960 1093 adhuc
975 1049 1038 1091 ma-

61 1125 152 1177 nente
175 1118 252 1175 intra
272 1132 446 1174 mensuram
467 1130 553 1173 suam
566 1115 633 1173 Nilo
654 1115 760 1188 primis
782 1116 950 1188 caloribus,
970 1133 1039 1176 cum

61 1203 107 1262 sol
129 1199 338 1259 vehementior
358 1199 435 1257 intra
455 1206 591 1258 extrema
612 1198 693 1256 veris
709 1197 796 1256 nives
813 1199 940 1269 emollit,
960 1216 1037 1272 quas

61 1291 132 1344 ante
147 1282 313 1354 consumit,
329 1299 420 1356 quam
432 1282 516 1346 Nilus
529 1281 731 1340 intumescere
747 1281 884 1354 incipiat:
918 1282 1036 1355 reliquo

59 1383 136 1427 vero
160 1365 284 1425 aestatis
307 1366 449 1425 minuitur
469 1372 499 1424 et
513 1366 553 1424 ad
566 1364 722 1423 hibernam
737 1365 975 1438 magnitudinem
990 1381 1037 1423 re-

60 1451 211 1523 ditatque
227 1465 265 1508 ex
282 1465 319 1508 ea
336 1448 500 1508 dimittitur.

121 1533 157 1590 ll.
179 1535 220 1592 At
235 1531 320 1592 Nilus
343 1540 413 1591 ante
435 1539 518 1591 ortus
535 1532 697 1591 Caniculae
719 1539 846 1606 augetur
861 1531 971 1590 mediis
987 1546 1036 1589 ae·
1053 1546 1068 1598 1

43 1615 160 1684 ,stibus
185 1616 265 1674 ultra
289 1616 523 1688 aequinoctium.
558 1615 638 1674 hunc
661 1615 884 1676 nobilissimum
905 1614 1037 1674 amnium

58 1695 168 1759 natur'a
183 1699 288 1757 extulit
302 1705 372 1758 ante
387 1698 509 1757 humani
520 1699 641 1771 generis
654 1699 762 1758 oculos
776 1708 806 1758 et
820 1699 860 1759 ita
876 1699 1037 1773 disposuit,

58 1791 94 1843 ut
114 1798 152 1842 eo
172 1788 312 1856 tempore
334 1782 495 1841 inundaret
514 1784 706 1857 Aegyptum,
735 1799 796 1855 quo
819 1783 950 1840 maxime
969 1789 1038 1841 usta

58 1865 234 1926 fervoribus
261 1874 342 1925 terra
367 1865 466 1923 undas
492 1866 581 1923 altius
608 1864 740 1923 traheret
764 1872 876 1923 tantum
903 1867 1038 1923 hausura

60 1956 209 2024 quantum
233 1947 361 2008 siccitati
386 1963 505 2006 annuae
532 1947 675 2006 sulficere
702 1948 810 2020 possit.
851 1963 920 2006 nam
945 1948 975 2005 in
1000 1962 1037 2004 ea

59 2039 162 2108 parte,
185 2047 263 2107 quae
288 2032 320 2089 in
334 2031 526 2104 Aethiopiam
547 2031 658 2104 vergit,
681 2037 732 2088 aut
752 2030 823 2089 nulli
838 2030 950 2088 imbres
967 2035 1038 2088 sunt

59 2123 112 2175 aut
136 2116 195 2174 rari
222 2115 324 2189 etqui
349 2116 498 2174 insuetam
524 2114 612 2188 aquis
638 2113 823 2174 coelestibus
844 2122 954 2173 terram
975 2128 1036 2172 non

59 2199 215 2259 adiuvent.
247 2198 360 2269 Unam,
382 2203 416 2256 ut
437 2197 513 2268 scis,
537 2200 700 2274 Aegyptus
722 2197 752 2255 in
768 2197 828 2256 hoc
843 2214 930 2272 spem
946 2197 1069 2256 habeta

59 2297 164 2342 suam:
186 2281 317 2355 proinde
337 2287 389 2339 aut
409 2279 520 2339 sterilis
544 2297 641 2340 annus
663 2288 714 2340 aut
733 2280 840 2341 fertilis
861 2288 922 2353 est,
948 2289 1038 2355 prout
1109 2283 1112 2288 ’

58 2365 110 2424 ille
125 2380 254 2438 magnus
269 2362 391 2424 influxit
406 2370 458 2422 aut
473 2364 602 2436 parcior.
625 2364 719 2423 Nemo
736 2373 889 2424 aratorum
906 2363 1038 2438 adspicit

59 2449 197 2508 coelum:
229 2463 323 2522 quare
338 2463 398 2505 non
416 2461 485 2505 cum
500 2454 590 2520 poeta
605 2463 673 2506 meo
690 2448 776 2506 iocor
791 2454 820 2506 et
835 2448 876 2505 illi
897 2446 1037 2506 Ovidium

59 2547 150 2592 suum
166 2530 314 2605 inpingo?
337 2530 388 2603 qui
404 2530 458 2588 ait:

285 2631 339 2673 nec
354 2615 457 2672 Pluor'o
469 2616 616 2688 supplicat
630 2615 723 2673 herba
736 2613 809 2672 Iooc'.

56 2699 147 2759 Unde
160 2712 300 2756 crescere
312 2694 437 2769 incipiat
448 2696 473 2754 si
486 2691 693 2769 conprehendi
705 2704 821 2771 posset,
837 2711 950 2754 causae
961 2712 1036 2769 quo·
1052 2701 1069 2755 3

58 2797 119 2856 que
136 2781 313 2840 incrementi
328 2779 554 2838 invenirentur:
570 2796 649 2838 nunc
665 2796 739 2839 vero
757 2794 883 2853 magnas
899 2779 1036 2839 solitudi-

57 2881 113 2924 nes
136 2861 323 2940 pervagatns
343 2869 373 2920 et
387 2863 416 2920 in
433 2863 561 2934 paludes
574 2862 723 2936 diffusum
747 2862 888 2938 gentibus
906 2879 1036 2937 sparsus

58 2947 140 3007 circa
155 2947 256 3006 Philas
277 2947 405 3021 primum
421 2960 460 3002 ex
474 2954 600 3018 vagoet
615 2955 734 3006 errante
750 2948 910 3022 colligitur.
932 2947 1036 3006 Philae

57 3031 157 3091 insula
174 3037 222 3090 est
236 3045 348 3104 aspera
363 3037 393 3088 et
407 3027 544 3101 undique
559 3038 735 3103 praerupta.
759 3032 879 3091 duobus
896 3031 925 3089 in
941 3047 1035 3090 unum

58 3115 239 3174 coeuntibus
261 3112 400 3171 amnibus
422 3111 564 3184 cingitur,
592 3113 644 3186 qui
664 3113 730 3172 Nilo
752 3122 904 3174 mutantur
919 3121 949 3172 et
969 3112 1035 3172 eius

56 3213 168 3258 nomeu
184 3198 292 3255 ierunt.
314 3196 387 3256 urbs
400 3202 493 3254 totam
507 3193 715 3269 conplectitur.
736 3197 785 3256 Ab
800 3197 858 3256 hac
872 3197 956 3256 Nilus
972 3213 1032 3255 ma·
1048 3204 1066 3256 4

56 3296 135 3355 gnus
151 3281 249 3353 magis
266 3295 356 3353 quam
377 3279 544 3349 violentus,
574 3293 719 3351 egressus
735 3279 943 3353 Aethiopiam,
970 3296 1035 3338 are-

55 3369 217 3438 nas[que],
244 3378 299 3436 per
326 3377 403 3435 quas
425 3360 463 3418 ad
481 3361 661 3420 commercia
675 3361 770 3420 Indici
793 3363 886 3421 maris
904 3363 960 3421 iter
979 3369 1035 3430 cst,

56 3447 254 3521 praelabitur.
283 3444 439 3518 excipiunt
460 3451 559 3533 autern
582 3444 771 3515 Cataractae,
792 3444 903 3576 wis
924 3442 1037 3521 insigni
