2364 3840
331 185 382 245 DE
399 183 614 259 ,BuNuFlctts
633 184 705 244 LIB.
722 185 743 242 1.
765 191 791 244 3.
807 192 833 245 4.
1047 183 1068 246 5

97 350 167 401 natu
190 338 367 414 adpellavit,
387 337 518 396 mediam
537 335 780 410 Euphrosynen,
802 335 918 395 tertiam
932 336 1067 396 Thalian.

95 426 211 484 Horum
232 419 387 480 nominum
407 417 701 492 interpretationem,
728 426 820 491 prout
840 419 950 494 cuique
968 420 1067 480 visum

95 516 157 580 est,
181 503 316 565 deflectit
330 511 360 564 et
375 503 414 562 ad
429 501 576 561 rationem
596 502 729 576 aliquam
746 507 871 560 conatur
887 503 1066 577 perducere,

95 607 164 650 cum
179 588 334 648 Hesiodus
350 586 460 660 puellis
476 586 540 643 suis
558 584 642 658 quod
656 583 751 644 voluit
764 599 875 643 nornen
888 585 1066 659 inposuerit.

94 676 202 746 ltaque
216 672 368 731 Homerus
386 667 439 728 uni
459 668 599 741 mutavit,
622 667 783 727 Pasithean
804 668 969 741 adpellavit
990 678 1019 728 et
1037 671 1066 728 in
1081 685 1096 741 7

94 755 318 816 matrimonium
334 750 492 827 produxit,
516 757 548 810 ut
572 751 653 810 scias
675 751 742 810 illas
756 752 900 810 Vestales
919 768 979 810 non
996 768 1067 812 esse

95 839 264 913 [virginest
288 836 442 895 Inveniam
458 835 550 895 aliurn
570 841 707 909 poetam,
723 834 806 908 apud
822 850 912 909 quem
930 837 1065 909 praecin-

94 929 204 997 gantur
219 927 249 980 et
262 918 375 995 spissis
396 926 446 978 aul
460 917 642 995 Phryxianis
661 918 819 991 prodeant.
847 917 927 992 Ergo
946 927 976 978 et
988 918 1066 978 Mer-

96 1005 200 1066 curius
216 1020 277 1063 una
292 1010 366 1075 stat,
393 1019 454 1062 non
472 1000 543 1077 quia
557 1001 707 1060 beneficia
721 1002 798 1061 ratio
815 1003 1007 1061 commendat
1018 1004 1067 1062 vel

95 1088 207 1159 oratio,
229 1087 286 1146 sed
301 1086 372 1161 quia
387 1085 496 1160 pictori
515 1085 557 1144 ita
578 1085 678 1143 visum
694 1091 749 1143 est.
784 1085 975 1161 Chrysippus
992 1097 1099 1161 quo-8

97 1185 173 1245 que,
192 1185 288 1243 penes
305 1185 395 1244 quern
411 1167 520 1228 subtile
534 1168 608 1228 illud
623 1183 750 1226 acumen
766 1175 813 1227 est
827 1175 857 1226 et
871 1169 900 1226 in
913 1171 1003 1228 imam
1015 1185 1067 1244 pe-

94 1261 219 1313 netrans
235 1253 404 1327 veritatem,
422 1252 473 1326 qui
488 1252 533 1311 rei
549 1251 686 1325 agendae
702 1266 796 1310 causa
811 1253 944 1325 loquitur
957 1260 986 1311 et
999 1269 1067 1313 ver-

92 1338 142 1396 bis
158 1353 218 1396 non
232 1338 310 1396 ultra
327 1352 418 1410 quam
435 1336 474 1394 ad
489 1335 673 1395 intellectum
689 1334 763 1393 satis
782 1341 829 1394 est
843 1335 948 1408 utitur,
972 1343 1068 1396 totum

94 1421 205 1480 librum
220 1436 308 1480 suurn
328 1419 375 1478 his
398 1419 518 1493 ineptiis
534 1419 647 1492 replet,
668 1418 756 1477 itaut
777 1418 815 1476 de
832 1419 948 1478 ratione
965 1419 1067 1493 dandi,

93 1503 265 1577 aecipiendi
286 1503 497 1577 reddendique
515 1501 656 1561 beneficii
676 1517 776 1575 pauca
798 1501 961 1561 admodum
977 1502 1066 1575 dicat,

94 1602 153 1646 nee
170 1586 218 1646 his
233 1586 368 1656 fabulam
390 1587 447 1646 sed
467 1585 544 1644 haee
566 1585 676 1644 tabulis
699 1584 814 1644 inserit,
851 1584 925 1644 Nam
947 1593 1099 1660 praeterp

92 1672 168 1742 ista,
188 1686 268 1744 quae
280 1671 416 1729 Hecaton
432 1669 635 1740 transscribit,
660 1675 721 1727 tres
739 1667 931 1744 Chrysippus
950 1669 1067 1729 Gratias

94 1752 139 1810 ait
152 1751 235 1811 Iovis
250 1759 280 1811 et
292 1752 486 1827 Eurynomes
502 1751 580 1811 filias
595 1769 683 1824 esse,
705 1758 803 1811 aetate
818 1761 918 1812 autem
935 1754 1068 1813 minores

95 1850 189 1909 quam
201 1833 316 1906 Horas,
339 1835 396 1894 sed
415 1835 594 1894 meliuscula
614 1835 691 1893 faeie
714 1840 743 1894 et
762 1836 831 1895 ideo
852 1836 965 1896 Veneri
980 1837 1067 1897 datas

94 1916 233 1977 comites.
256 1916 361 1976 matris
377 1933 501 1991 quoque
515 1931 626 1976 nomen
641 1918 680 1976 ad
691 1933 755 1976 rem
769 1919 884 1980 iudicat
898 1921 1066 1994 pertinere:

93 2001 291 2077 Eurynomen
312 2000 391 2059 enim
412 2000 538 2074 dictam,
561 1998 632 2074 quia
651 2001 711 2060 late
739 2002 870 2076 patentis
893 2003 1068 2078 patrimonii

94 2085 134 2143 sit
149 2082 300 2142 beneficia
314 2083 466 2143 dividere:
495 2090 647 2157 tamquam
669 2085 756 2146 matri
777 2092 848 2160 post
867 2087 945 2146 filias
970 2089 1068 2148 soleat

93 2182 204 2226 nomen
219 2167 324 2241 inponi
341 2173 393 2226 aut
407 2174 517 2244 poetae
533 2183 605 2226 vera
620 2169 742 2228 nomina
756 2171 894 2230 reddant.
915 2170 1064 2244 Quemad-
1076 2190 1107 2242 10

92 2250 218 2310 modum
234 2249 455 2311 nomenclatori
469 2252 634 2311 memoriae
650 2252 719 2312 loco
736 2253 866 2313 audacia
888 2261 935 2314 est
955 2261 986 2314 et
1003 2255 1066 2314 cui-

94 2349 217 2407 cunque
237 2349 347 2393 nomeu
368 2350 429 2393 non
451 2340 555 2408 potest
576 2335 721 2410 reddere,
744 2335 876 2412 inponit,
899 2338 939 2397 ita
957 2345 1066 2412 poetae

93 2431 156 2475 non
172 2424 279 2490 putant
292 2418 331 2476 ad
345 2433 408 2477 rern
424 2418 577 2492 pertinere
596 2435 703 2478 rerum
724 2419 841 2492 dicere,
863 2423 919 2480 sed
940 2429 993 2482 aut
1014 2436 1066 2480 ne-

94 2500 238 2560 cessitate
253 2500 357 2560 coacti
379 2508 431 2560 aut
452 2502 564 2561 decore
586 2502 721 2575 corrupti
742 2503 773 2560 id
794 2518 946 2577 quemque
961 2503 1065 2564 vocari

94 2583 214 2655 itrbent,
238 2584 322 2657 quod
336 2584 414 2644 belle
428 2585 499 2643 lacit
513 2585 552 2644 ad
568 2601 699 2644 versum.
730 2600 787 2643 nee
807 2585 865 2643 illis
888 2585 986 2644 fraudi
1009 2592 1064 2658 est,

93 2667 206 2741 [qousi
230 2667 345 2742 aliquid
373 2667 404 2726 in
431 2684 556 2728 censum
582 2668 758 2729 detulerint:
797 2668 956 2741 proximus
985 2669 1065 2728 enirn

92 2757 290 2824 poetasuum
303 2749 372 2809 illas
387 2751 467 2811 ferre
483 2767 592 2811 nomen
608 2750 700 2811 iubet.
725 2750 784 2809 hoc
795 2757 828 2809 ut
840 2751 920 2810 scias
931 2751 972 2811 ita
985 2767 1065 2826 esse,

92 2848 166 2892 eece
182 2832 302 2907 Thalia,
317 2833 356 2892 de
375 2849 436 2908 qua
451 2850 520 2894 eum
530 2834 661 2893 maxime
676 2833 786 2907 agitur,
802 2834 885 2907 apud
897 2835 1066 2896 Hesiodum

93 2914 199 2975 Charis
216 2922 278 2989 est,
303 2917 386 2991 apud
403 2916 567 2977 Homerum
583 2916 682 2976 Musa.

154 3000 207 3058 lV.
238 2998 301 3058 Sed
326 3015 364 3059 ne
390 3000 498 3058 faciam
528 2998 620 3074 quod.
636 2997 843 3072 reprehendo,
873 3014 932 3061 omi
996 3001 1096 3065 isara

92 3097 172 3156 quae
197 3079 240 3142 ita
262 3088 348 3141 extra
369 3097 433 3141 rem
455 3091 540 3155 sunt,
562 3089 597 3142 ut
613 3097 669 3142 nec
686 3082 844 3143 circarem

88 3166 271 3239 relinquam.
300 3172 333 3224 tu
347 3166 439 3226 modo
456 3182 514 3226 nos
526 3171 626 3240 tuere,
644 3166 752 3242 siquis

90 3246 297 3326 chrysippum
319 3249 348 3307 in
371 3249 508 3308 ordinem
529 3250 748 3326 coegerim,'n

87 3331 203 3404 virum,
226 3331 283 3392 sed
308 3338 409 3391 tamer
431 3331 595 3406 Graecum,
618 3335 704 3394 cuius
725 3349 760 3394 ae

86 3413 261 3476 retunditur
280 3420 311 3474 et
332 3412 362 3473 in
384 3431 419 3474 se
441 3431 535 3491 saepe
555 3417 730 3492 replicatur„
769 3435 776 3475 r
