2364 3840
233 187 374 248 NATUR.
396 186 557 261 QUAEST.
579 188 718 249 LIB.111.
741 198 871 251 15-18.
976 190 1040 254 22³

63 351 156 417 quam
181 339 343 399 aberrauit
376 344 477 398 acsias
501 355 557 399 sno
579 347 718 414 tempore
741 341 873 400 incaluit.
905 343 1039 401 autumni

60 424 225 499 verisque,
239 428 272 482 ut
281 422 375 496 solet,
387 423 468 482 facta
481 422 606 483 mulatio
618 430 674 482 est
696 431 757 483 tarn
768 424 930 485 solstitium
946 440 1038 499 quam

15 549 20 560 -
60 504 289 582 aequinoctium
310 521 386 566 suos
406 504 472 565 dies
487 505 596 567 retulit.
626 505 751 567 Sunt-et
771 506 829 567 sub
843 515 923 566 terra
938 507 1071 571 minusl

62 589 153 653 noble
171 596 244 650 note
258 590 324 648 iura
339 595 480 673 naturae,
504 590 634 649 sednon
650 591 751 651 minus
766 597 863 650 certa:
885 592 977 650 crede
992 590 1037 650 in·

61 677 123 748 fra,
142 672 287 749 quicquid
301 671 389 733 vides
404 687 508 746 supra.
530 671 607 733 Sunt
620 680 650 733 et
664 674 723 734 illic
735 689 850 750 specus
864 675 952 748 vasti,
968 682 1039 735 sunt

60 759 201 833 ingentes
215 771 360 817 recessus
376 771 412 814 ac
428 757 527 830 spatia
537 756 700 831 suspensis
715 758 785 817 hinc
801 766 832 818 et
844 758 915 819 inde
930 759 1037 819 monti·

61 841 122 901 bus
138 843 217 901 laxa.
244 845 316 899 sunt
336 839 457 914 abrupti
471 839 500 897 in
518 839 665 902 infinitum
679 841 795 915 hiatus,
818 843 869 916 qni
884 857 979 916 saepe
993 841 1037 901 in-

61 925 168 1000 lapsas
189 923 282 983 urbes
304 931 487 998 receperunt
501 922 696 997 cingentem
712 926 830 985 ruinam
845 926 875 984 in
890 927 950 987 alto
966 940 1038 984 con·

62 1007 214 1080 diderunt„
249 1007 333 1067 Haec
361 1006 470 1081 spiritu
490 1007 581 1081 plena
601 1016 681 1067 sunt.
715 1008 787 1067 nihil
808 1009 887 1069 enim
907 1019 1070 1084 usquams

61 1091 153 1151 inane
164 1098 226 1164 est,
243 1093 333 1150 etiam
345 1097 453 1164 stagna
466 1089 597 1150 obsessa
608 1091 742 1151 tenebris
758 1099 787 1151 et
799 1092 814 1127 *
826 1093 904 1153 locis
919 1094 1038 1167 amplis.

62 1174 206 1235 animalia
220 1189 345 1250 quoquc
359 1174 417 1233 illis
432 1173 643 1246 innascuntur,
667 1175 723 1233 scd
738 1174 826 1234 larda
845 1183 875 1234 et
889 1176 1038 1247 informia,

61 1267 96 1321 ut
116 1257 148 1319 in
170 1261 241 1318 aere
261 1272 354 1317 caeco
375 1256 544 1332 pinguique
567 1265 716 1332 concepta
737 1264 767 1316 et
788 1259 878 1331 aquis
893 1260 1038 1331 torpenti·

61 1342 122 1405 bus
142 1342 211 1401 situ.
241 1343 387 1416 pleraque
411 1357 451 1400 ex
471 1340 521 1401 his
542 1357 649 1415 caeca,
674 1350 703 1401 ut
724 1341 824 1415 talpae
841 1347 871 1400 et
885 1341 1038 1402 subterra-

32 1455 37 1462 ·
62 1426 114 1487 nei
133 1441 250 1497 mures,
276 1424 387 1498 quibus
411 1425 499 1484 deest
514 1424 630 1498 lumen,
655 1426 726 1499 quia
741 1440 966 1499 supervacuum
982 1431 1038 1484 est.

62 1508 154 1581 lnde,
176 1515 210 1569 ut
222 1508 451 1584 Theophrastus
468 1509 623 1583 adfirmat,
643 1509 747 1584 pisces
763 1508 946 1583 quibusdam
962 1509 1038 1569 locis

62 1598 219 1654 eruuntur.

126 1676 220 1737 XVll.
247 1674 341 1736 Multa
360 1676 419 1736 hoo
436 1678 505 1736 loco
520 1676 573 1735 tibi
595 1677 624 1735 in
647 1683 777 1736 mentem
798 1677 936 1749 veniunt,
961 1681 1071 1751 quael

62 1760 181 1821 urbane
201 1766 234 1819 ut
253 1759 284 1818 in
306 1775 339 1817 re
353 1760 522 1819 incredibili
538 1759 693 1837 [fabulam]
710 1760 809 1819 dicas:
834 1777 893 1819 non
911 1776 979 1819 curn
993 1776 1040 1819 re-

63 1842 146 1904 tibus
161 1842 295 1917 aliquem
309 1857 366 1903 nec
382 1859 449 1902 cum
460 1843 573 1917 hemia,
590 1843 647 1903 sed
663 1859 730 1903 cum
743 1842 870 1903 dolabra
882 1844 925 1901 ire
941 1843 1039 1917 pisca-

63 1935 139 1988 tum.
162 1932 326 2002 exspecto‚
346 1935 379 1987 ut
400 1927 510 2002 aliquis
530 1927 560 1986 in
576 1927 650 1985 mari
665 1933 802 1986 venetur.
831 1926 908 1998 Quid
925 1934 972 1984 est
987 1942 1038 1985 au·

62 2018 140 2084 tem,
158 2025 252 2084 quare
264 2026 326 2071 non
341 2009 444 2086 pisces
459 2011 490 2069 in
505 2019 615 2070 terrem
630 2016 800 2079 transeant,
817 2008 843 2068 si
859 2024 917 2068 nos
932 2008 962 2067 in
977 2025 1039 2067 ma·

63 2096 111 2155 ria
130 2093 316 2155 transimus?
348 2093 583 2168 permutavimus
605 2094 707 2153 sedes.
740 2093 806 2153 Hoc
827 2090 945 2152 miraris
961 2091 1072 2150 acci-l

64 2179 161 2239 deret
175 2185 288 2254 quanto
299 2177 524 2238 incredibiliora
536 2185 607 2238 sunt
617 2193 713 2253 opera
723 2178 883 2237 luxuriae?
898 2176 1040 2250 quotiens

65 2267 203 2323 naturam
222 2268 274 2320 aut
294 2261 435 2321 mentitur
455 2268 507 2321 aut
521 2261 633 2320 vincit?
663 2262 696 2319 ln
713 2261 803 2321 cubili
819 2268 923 2321 natant
936 2261 1041 2335 pisces

65 2352 97 2407 el
109 2343 168 2405 sub
182 2345 251 2420 ipsa
264 2359 371 2404 mensa
388 2345 505 2419 capitur
521 2345 685 2419 quistatim
699 2346 898 2405 transferatur
912 2346 942 2403 in
957 2359 1040 2403 men-

65 2444 141 2489 sam.
176 2443 282 2502 parum
299 2428 421 2488 videtur
433 2443 543 2488 recens
558 2428 682 2500 mullus,
701 2429 759 2487 nisi
776 2429 828 2501 qui
843 2429 873 2486 in
891 2427 1041 2488 convivae

66 2527 159 2571 manu
174 2511 308 2573 moritur.
330 2510 436 2572 vitreis
453 2511 521 2570 ollis
535 2510 644 2571 inclusi
659 2512 836 2571 adferuntur
851 2518 880 2569 et
894 2510 1039 2569 observa-

67 2602 114 2655 tur
134 2594 326 2655 morientium
346 2594 446 2669 color,
470 2611 560 2670 quem
582 2595 612 2654 in
633 2596 742 2655 multus
758 2594 940 2653 mutationes
956 2606 1040 2650 mors

66 2679 199 2739 luctante
220 2679 328 2755 spiritu
350 2677 453 2738 vertit:
478 2679 556 2739 alios
576 2685 686 2739 necent
708 2677 737 2736 in
753 2691 827 2750 garo
850 2683 880 2735 et
894 2673 1041 2735 condiunt

66 2761 166 2822 vivos.
196 2761 235 2820 Hi
255 2769 326 2822 sunt
347 2763 399 2837 qui
420 2760 539 2821 fabulas
555 2769 676 2836 putant,
698 2764 814 2836 piscem
830 2775 925 2833 posse
938 2758 1073 2822 viveres

69 2845 127 2906 sub
142 2852 225 2905 terra
238 2853 268 2906 ot
282 2844 390 2917 effodi,
408 2861 469 2905 non
486 2845 575 2920 capit
599 2861 690 2920 quam
705 2842 882 2904 incredibile
897 2843 942 2902 eis
956 2842 1041 2900 vide-

65 2935 163 3002 retur,
178 2929 206 2989 si
220 2930 361 2989 audirent
371 2936 475 2989 natare
490 2929 521 2988 in
533 2943 607 3002 garo
622 2929 737 3003 piscem
749 2943 806 2986 nec
817 2941 933 2987 coenae
947 2942 1043 2985 causa
1074 2964 1077 2971 ,

66 3013 223 3077 occidisse
241 3029 336 3088 super
356 3028 499 3086 coenam,
521 3027 591 3072 cum
610 3014 735 3074 multum
757 3010 788 3070 in
809 3009 927 3071 deliciis
944 3009 1000 3070 fuit
1013 3016 1043 3069 et

67 3099 177 3159 oculos
191 3104 261 3157 ante
277 3114 368 3172 quam
383 3097 484 3169 gulam
498 3097 591 3172 pavit.

127 3179 237 3239 lell.
269 3179 452 3240 Permitte
476 3180 568 3239 mihi
600 3178 835 3253 quaestione
867 3177 1075 3252 seposital

67 3261 268 3337 castigare
288 3263 491 3323 luxuriam.
512 3261 616 3335 „Nihil
630 3269 690 3334 est,
705 3261 818 3336 inquit,
834 3261 925 3325 mullo
941 3260 1044 3334 exspi-

65 3355 152 3407 rante
172 3345 235 3405 illic
255 3346 430 3407 formosius.
465 3346 535 3421 ipsa
554 3344 767 3407 colluctatione
780 3343 899 3405 animae
913 3357 986 3407 sese
999 3341 1046 3403 af.-

64 3429 178 3506 flipenti
198 3427 294 3488 rubor
308 3429 451 3503 primum,
473 3428 584 3489 deinde
602 3427 702 3514 pallor
722 3423 932 3499 subfunditutt
953 3442 972 3501 q
