2364 3840
255 213 307 274 DE
327 213 538 274 BENEFlCllS
560 215 697 272 LlB.VI.
723 221 853 276 40—43.
982 216 1042 281 133

63 365 174 425 benten
188 364 331 438 debebis,
352 365 408 425 sed
423 379 490 424 oum
509 379 621 438 magna
634 365 791 438 voluptate
807 365 890 439 apud
905 373 933 424 te
949 367 1042 442 depo-

63 449 157 509 situm
173 448 349 508 intueberis.
372 448 507 523 poenitet
521 449 639 522 accepti
650 448 792 507 beneficii
805 464 894 522 quern
908 452 1043 510 nondum

63 531 176 592 redditi
192 533 289 606 piget:
314 548 408 607 quare
424 531 475 606 qui
494 530 547 591 tibi
561 530 672 605 dignus
688 533 775 592 visus
792 540 839 591 est
853 549 871 590 u
887 548 948 607 quo
964 535 1042 593 aoei-

63 631 172 690 peres,
196 615 339 689 indignus
355 615 494 676 videntur
509 616 557 674 eui
575 616 712 675 debeas?

125 698 229 759 XLIII.
256 700 290 759 In
311 700 429 773 magnis
450 697 604 759 erroribus
627 707 712 772 sunt,
740 700 792 774 qui
807 699 938 773 ingentis
952 699 1070 760 onimil

65 781 192 843 credunt
215 783 367 856 proferre,
391 783 522 856 donare,
545 783 676 856 plurium
693 785 792 842 sinum
808 800 844 843 ao
861 785 982 843 domum
998 784 1042 841 in·

64 867 165 940 plere,
189 883 257 925 oum
272 867 330 927 ista
345 866 495 925 interdum
510 883 570 925 non
586 882 714 940 magnus
727 868 845 927 animus
858 868 964 940 faeiat,
987 868 1043 926 sed

63 966 174 1025 magna
196 952 324 1010 fortuna.
354 949 508 1022 nesciunt,
531 958 643 1024 quanto
665 953 783 1011 interim
799 952 895 1011 ninius
912 967 948 1010 ae
963 951 1042 1010 disfi-

64 1035 152 1093 oilius
175 1035 215 1094 sit
230 1049 342 1108 capere
359 1049 448 1108 quam
465 1032 600 1092 sundere.
624 1048 694 1092 narn
710 1041 742 1093 ut
756 1034 826 1093 nihii
842 1035 927 1094 alteri
942 1036 1041 1094 detru—

63 1116 150 1190 ham,
174 1117 318 1190 quoniam
332 1122 495 1190 utrumque
510 1117 619 1174 virtute
635 1133 690 1190 par
702 1123 762 1189 est,
784 1133 845 1176 non
858 1117 983 1178 minoris
996 1126 1043 1177 est

64 1199 158 1259 animi
176 1201 358 1261 beneficium
381 1200 494 1259 debere
516 1215 608 1274 quam
626 1201 715 1258 dare:
739 1215 776 1258 eo
792 1200 915 1273 quidem
931 1217 1041 1274 opero-

65 1283 131 1343 sius
151 1283 212 1342 hoc
234 1300 324 1358 qnam
341 1284 430 1357 illud,
454 1300 515 1358 quo
532 1284 646 1343 maiore
661 1283 815 1356 diligentia
830 1281 1042 1342 custodiuntur

64 1374 194 1442 accepta
206 1385 295 1442 quam
312 1369 431 1427 dantur.
467 1368 573 1441 ltaque
588 1383 649 1425 non
664 1373 712 1426 est
726 1366 938 1440 trepidandum
952 1377 1070 1439 quamn

65 1451 126 1510 cito
149 1467 334 1525 reponamus
360 1467 416 1510 neo
443 1451 682 1525 procurrendum
708 1449 936 1524 intempestive,
971 1449 1043 1522 quia

64 1549 165 1609 aeque
188 1535 335 1610 delinquit
355 1535 406 1609 qui
426 1535 464 1593 nd
485 1535 675 1593 referendam
689 1535 816 1608 gratiam
831 1549 888 1593 suo
905 1540 1042 1606 tempore

65 1624 169 1678 cessat
190 1635 281 1692 quarn
303 1620 353 1693 qui
373 1619 472 1677 alieno
488 1625 642 1693 properat.
677 1618 812 1678 Positum
827 1619 868 1676 illi
884 1615 967 1691 apud
984 1633 1041 1675 me.

63 1716 121 1761 nec
142 1700 224 1761 illins
243 1703 364 1762 nornine
387 1718 443 1760 neo
464 1719 532 1760 meo
554 1701 653 1760 timeo.
689 1702 768 1760 bene
790 1703 830 1761 illi
848 1708 966 1761 cnutum
985 1708 1041 1760 est.

64 1801 126 1844 non
142 1791 247 1859 potest
260 1787 319 1846 hoe
333 1785 515 1844 beneficium
530 1785 661 1858 perdere
677 1784 735 1843 nisi
749 1802 882 1857 mecum,
898 1785 1042 1844 immone
1105 1842 1109 1848 .

64 1883 187 1928 mecum
208 1869 346 1943 quidem=
368 1871 413 1943 egi
438 1868 479 1927 illi
494 1868 616 1942 gratias.
653 1868 707 1941 Qui
724 1869 812 1927 nimis
829 1869 867 1926 de
882 1868 1071 1928 reddendo3

63 1951 217 2012 beneficio
238 1955 364 2027 cogitat,
392 1952 481 2012 nimis
509 1951 641 2024 cogitare
663 1951 789 2009 aiterum
805 1951 844 2009 de
864 1951 1041 2023 recipiendo

65 2042 161 2110 putat.
191 2035 328 2096 Praestat
340 2052 411 2096 esse
423 2037 452 2094 in
464 2045 625 2108 utrumque
639 2034 772 2093 facilem:
795 2035 821 2093 si
830 2033 1043 2107 vultreoipere

63 2119 263 2190 beneficium,
283 2123 450 2181 reseramus
462 2119 690 2192 reddamusque
702 2116 780 2177 laeti.
804 2117 1042 2192 iliudnpudnos

64 2202 215 2263 custodiri
235 2206 368 2264 mavult:
399 2203 473 2278 quid
493 2203 669 2262 thesaurum
691 2203 757 2261 eius
779 2200 935 2262 eruimus?
968 2201 1043 2276 quid
1134 2253 1138 2259 .

64 2287 237 2347 custodiam
257 2293 457 2348 recusamus?
482 2288 593 2360 diguus
607 2294 654 2346 est
669 2287 717 2346 oui
732 2295 831 2347 utrum
849 2287 930 2345 volet
943 2285 1041 2344 liceat.

64 2369 249 2444 OpinIonenr
262 2372 384 2446 quidem
396 2379 425 2430 et
437 2373 546 2429 sarnam
558 2386 594 2430 eo
609 2371 676 2430 ioco
688 2370 871 2442 habeamus,
887 2377 1041 2444 tamquam

63 2469 127 2513 non
143 2453 271 2525 ducere,
295 2456 350 2513 sed
366 2455 454 2528 sequi
470 2454 587 2514 debeat.
