2364 3840
265 206 406 268 NATUR.
423 207 585 282 QUAEST.
610 209 682 269 LlB.
695 211 759 270 v11.
780 219 842 274 8-
855 223 896 275 11.
1004 214 1067 279 ³03

90 363 192 435 deret,
221 359 274 419 ubi
294 355 446 418 sideribus
471 359 527 418 iter
548 367 610 433 est,
638 361 743 434 utique
764 362 802 422 ab
824 378 861 422 eo
887 373 984 439 motu,
1014 370 1065 442 qui

89 447 268 507 universum
290 442 392 513 trahil,
417 445 595 503 solveretur.
627 444 698 518 quid
715 446 794 504 enim
809 455 857 507 est
874 447 925 507 illa
939 463 1066 509 conver·

91 530 178 591 sione
199 527 304 588 mundi
325 526 469 586 citatius?
500 527 557 586 hac
578 529 710 587 omnium
734 538 891 591 ventomm
918 532 948 590 in
974 551 1066 593 ununr

91 620 239 688 congesta
259 611 306 670 vis
329 610 529 684 dissiparetur
550 619 580 671 ει
598 619 697 672 terrae
717 614 818 674 solida
832 615 980 690 sortisque
995 632 1065 677 con-

92 712 203 774 pages‚
227 695 338 755 nedum
354 696 501 769 particula
517 696 595 755 aeris
610 697 688 756 torti.

151 781 188 839 X.
216 779 378 840 Praeterea
395 794 518 838 manere
532 781 562 838 in
578 782 637 840 allo
659 788 719 841 non
736 789 839 856 potest
854 783 932 856 ignis
947 784 1065 846 turbine
1079 793 1094 849 1

91 865 200 925 inlatus
208 878 220 937 ·‚‚
235 862 294 922 nisi
307 861 376 938 ipse
393 878 518 937 quoque
529 874 684 937 permanet
694 866 790 926 turbo.
813 867 887 942 quid
899 883 992 942 porro
1005 876 1065 928 tarn

90 947 266 1011 incredibile
282 955 329 1006 est
342 963 433 1021 quarn
448 948 477 1005 in
493 947 609 1006 turbine
624 949 741 1022 longior
754 957 861 1011 morat
880 953 985 1025 utique
1000 969 1064 1012 mo-

91 1039 140 1094 tus
161 1038 246 1090 motu
267 1031 418 1091 contrario
438 1029 576 1090 vincitur.
604 1031 696 1091 habel
716 1034 794 1091 enim
811 1051 897 1094 suam
911 1038 999 1096 locus
1014 1037 1063 1097 ille

90 1113 284 1189 vertiginem,
308 1130 388 1190 quae
402 1115 481 1189 rapit
496 1116 613 1174 coelum

174 1201 333 1274 sideraque
346 1203 409 1258 ulta
423 1201 517 1258 trabit
527 1202 673 1273 celerique
687 1202 831 1260 uolumine
845 1208 965 1276 torquet.

91 1292 121 1344 el·
133 1291 168 1343 ut
178 1283 230 1341 del
240 1283 284 1342 eis
297 1283 428 1357 aliquam
439 1284 686 1355 advocationem,
703 1284 787 1358 quod
799 1284 864 1343 fleri
877 1286 959 1344 nullo
973 1287 1062 1347 modo

90 1375 207 1443 potest:
230 1366 304 1440 quid
325 1366 363 1425 de
385 1366 432 1425 his
451 1367 576 1426 cometis
593 1367 717 1440 dicetur,
741 1369 792 1442 qui
809 1370 892 1428 senis
908 1370 1063 1429 mensibus

90 1453 316 1526 adparuerunt‘i
343 1450 461 1509 Deinde
473 1451 534 1510 duo
547 1451 658 1510 debent
669 1467 740 1511 esse
752 1460 851 1512 motus
863 1454 970 1512 eodem
984 1455 1062 1526 loco,
1075 1457 1093 1508 ²

90 1536 167 1595 alter
185 1533 236 1594 ille
257 1534 377 1593 divinus
394 1542 424 1593 et
443 1535 607 1609 adsiduus,
637 1552 725 1596 suum
749 1536 815 1595 sine
839 1537 1064 1597 intermissione

90 1634 241 1694 peragens
263 1634 358 1692 opus,
382 1620 457 1678 alter
478 1634 577 1680 novus
599 1626 627 1678 et
642 1636 750 1679 reeens
766 1629 794 1680 ει
810 1621 928 1681 turbine
943 1622 1062 1681 inlatus.

89 1717 220 1762 necesse
241 1709 288 1761 est
309 1718 397 1776 ergo,
422 1704 497 1762 alter
518 1701 603 1761 alteri
623 1704 827 1776 inpedimento
844 1707 896 1765 sit:
920 1707 1003 1780 atqui
1019 1706 1061 1764 lu·

88 1786 173 1847 naris
187 1787 238 1846 ille
253 1785 349 1847 orbita
365 1793 596 1860 oeterorumque
608 1801 701 1859 supra
713 1788 813 1845 lunam
826 1791 986 1847 meantium
999 1806 1061 1850 mo·

89 1878 138 1931 tus
154 1870 367 1929 inrevocabilis
383 1878 439 1929 est.
462 1886 519 1928 nce
531 1870 802 1943 haesitatusquum
813 1886 869 1929 nee
881 1872 995 1930 resistit
1006 1887 1063 1930 nec

89 1955 142 2014 dat
159 1955 249 2013 ullam
265 1953 352 2014 nobis
368 1954 575 2028 suspicionem
592 1953 728 2012 obiectae
743 1953 799 2012 sibi
815 1970 928 2013 morae.
959 1954 1062 2012 Fidem

88 2053 151 2097 non
166 2036 258 2097 habet
270 2037 434 2111 turbinem,
456 2037 709 2097 violentissimum
725 2042 755 2097 ει
770 2036 1063 2111 perturbatissimum

89 2121 279 2195 tempestatis
296 2137 409 2196 geum,
431 2121 460 2180 in
481 2121 600 2181 medios
616 2119 748 2180 siderum
765 2122 888 2180 ordines
905 2123 1063 2196 pervenire

89 2213 119 2265 et
133 2206 212 2264 inter
226 2204 377 2278 disposita
392 2221 428 2264 ac
442 2207 605 2280 tranquilla
620 2206 744 2264 versari.
779 2205 944 2266 Credamus
963 2208 1092 2280 ignemd

89 2289 275 2348 circumacto
295 2287 412 2346 turbine
432 2291 557 2349 accendi
573 2299 602 2350 ει
616 2289 695 2348 huno
710 2292 870 2365 expulsum
886 2290 915 2348 in
932 2291 1061 2350 sublime

91 2370 242 2447 praebere
258 2369 347 2429 nobis
363 2371 534 2443 opinionem
550 2373 745 2448 speciemque
761 2373 870 2433 sideris
887 2375 984 2446 longi:
1007 2390 1061 2445 pu-

88 2462 136 2529 to,
158 2454 219 2514 tale
234 2468 305 2513 esse
321 2453 424 2526 debet,
441 2456 530 2529 quale
541 2464 587 2516 est
601 2457 645 2530 id,
662 2457 745 2532 quod
758 2459 857 2530 ignem
870 2457 972 2514 elficit.
1002 2462 1061 2512 tur-

89 2539 170 2598 binis
192 2545 292 2598 autem
312 2539 444 2599 rotunda
463 2539 557 2599 facies
577 2547 632 2600 est.
661 2541 690 2598 in
712 2540 820 2598 eodem
839 2540 917 2596 enim
935 2536 1064 2609 vestigio

89 2630 231 2684 versatur
253 2629 283 2682 el
303 2624 461 2684 columnae
486 2624 577 2684 modo
604 2623 836 2696 circumagentis
863 2637 897 2681 se
923 2621 1063 2681 volvitur.

91 2723 163 2783 ergo
186 2708 285 2781 ignem
307 2725 444 2783 quoque,
467 2710 517 2784 qui
540 2709 677 2768 inclusus
699 2714 760 2778 εει,
789 2705 917 2764 similem
934 2719 1004 2762 esse
1024 2703 1065 2761 illi

91 2798 224 2866 oportet:
254 2793 336 2868 atqui
357 2794 467 2867 longus
489 2801 536 2852 est
553 2800 583 2851 et
597 2789 743 2850 disiectus
759 2788 942 2862 minimeque
959 2787 1063 2848 similis

90 2873 118 2933 in
135 2875 240 2934 orbem
256 2883 373 2936 coacto.

151 2959 201 3017 ΧΙ.
228 2959 427 3035 Epigenen
452 2959 720 3033 relinquamus
742 2962 778 3014 et
800 2955 959 3016 aliorum
982 2958 1092 3033 opi-1

90 3044 228 3104 niones
260 3057 550 3119 persequamur.
588 3057 683 3114 quas
714 3047 918 3114 antequam
944 3057 1062 3114 expo-

90 3142 181 3186 nere
203 3125 400 3203 incipiam‚
424 3124 519 3185 illud
543 3124 722 3198 inprimis
744 3124 1065 3198 praesumendum

61 3257 71 3267 .
90 3219 163 3285 est,
184 3219 320 3271 cometas
335 3227 395 3270 non
412 3210 441 3268 in
456 3224 517 3268 una
531 3215 618 3283 parte
634 3206 710 3266 coeli
725 3208 842 3284 adspioi
857 3225 914 3267 nec
929 3209 957 3265 in
973 3205 1065 3279 signi-

90 3296 154 3355 fero
176 3302 291 3355 tantum
314 3295 402 3366 orbe,
427 3293 483 3354 sed
499 3299 560 3350 lam
576 3292 604 3349 in
621 3299 689 3351 ortu
705 3308 795 3366 quam
809 3293 839 3352 in
856 3306 984 3360 occasu,
1007 3290 1064 3345 sre-

90 3379 292 3454 quenlissime
312 3377 509 3437 tamen-circa
523 3376 777 3451 septemtrionem.
812 3375 924 3435 Forma
939 3371 984 3430 eis
998 3378 1098 3433 uero!

90 3467 138 3521 εει
152 3479 223 3522 uno.
249 3461 387 3536 quamvis
403 3460 481 3519 enirn
498 3459 604 3520 Graeci
619 3459 795 3520 discrimina
808 3455 936 3516 fecerint
952 3469 1066 3528 eorum,
