2364 3840
318 183 457 243 aaran.
474 181 636 255 uuaasr.
657 181 730 240 uua
746 183 798 240 rv.
813 189 839 241 a.
1002 181 1066 247 aar

87 350 165 394 nora
179 339 265 393 sunt:
290 333 404 409 quippe
418 335 521 393 vernis
540 331 729 408 temporibus
744 333 856 391 imbres
872 333 973 392 nivem
987 334 1065 397 dilu-

90 425 159 490 unt,
186 417 332 491 reliquias
354 417 419 475 eius
442 418 558 491 primus
580 418 664 477 calor
684 416 835 475 dissolvit.
868 432 924 476 nec
938 417 1108 491 Rhenusao

89 517 147 561 nec
161 500 332 560 Rhodanus
354 515 411 559 nec
429 500 506 559 Ister
524 507 596 573 [nce
615 504 668 575 qui
686 503 741 560 alii
753 501 890 573 hiberno]
907 502 1065 563 subiacent

88 586 187 656 coelo,
208 590 325 644 aestate
341 585 540 658 proveniunt=
562 591 593 643 et
613 585 670 643 illis
692 585 721 642 in
738 583 1005 658 septemtrionibus
1020 588 1063 645 al·

89 666 227 729 tissimae
241 668 350 742 iugiter
366 674 436 726 sunt
449 668 546 726 nives.
567 667 676 727 Phasis
693 683 817 743 quoque
827 685 885 744 per
899 670 979 737 idem,
990 677 1064 751 tem-

89 768 148 826 pus
168 756 199 809 et
214 749 425 827 Borysthenes
447 757 634 823 crescerent,
653 755 681 811 st
692 751 779 810 nives
795 758 926 825 possent
939 751 1065 812 flumina

90 841 198 895 contra
204 840 350 894 aestatem
358 851 468 909 magna
480 835 660 909 producere.
671 834 831 895 Praeterea
844 835 870 895 si
884 836 960 896 haec
970 851 1064 895 eausa
1071 854 1103 907 21

91 918 251 979 adtolleret
263 919 376 989 Nilum,
393 925 510 978 aestate
525 918 620 993 prima
634 919 831 991 plenissimus
848 919 964 980 flueret.
993 926 1064 979 tunc

90 1002 171 1061 enim
187 1002 336 1059 maximae
352 1009 381 1061 et
396 1002 529 1076 integrae
544 1000 644 1060 adhuc
659 1003 746 1061 nives
763 1017 802 1060 ex
822 1004 1065 1078 mollissimoque

90 1084 178 1144 tabes
201 1093 262 1144 est:
294 1084 378 1144 Nilus
400 1094 499 1145 autem
523 1100 721 1159 permenses
743 1093 873 1158 quatuor
895 1088 1017 1161 liquitur
1035 1093 1065 1146 et

91 1168 134 1227 illi
149 1168 288 1242 aequalis
305 1169 444 1228 accessio
460 1175 516 1227 est.

156 1249 189 1310 Si
203 1250 317 1310 Thaleti
339 1252 455 1325 crediS,
476 1250 589 1311 etesiae
611 1250 809 1310 descendenti
830 1251 896 1310 Nilo
918 1253 1105 1323 resistuntoa

91 1341 123 1394 et
143 1349 253 1393 cursus
276 1336 342 1393 eius
365 1341 433 1393 acto
457 1343 562 1394 contra
582 1335 660 1394 ostia
680 1335 754 1393 mari
776 1335 941 1395 sustinent:
962 1336 1003 1394 ita
1017 1351 1064 1393 re-

90 1417 273 1478 verberatus
293 1418 323 1476 in
340 1419 517 1478 serecurrit
533 1417 729 1490 maccrescit,
752 1418 809 1477 sed
830 1418 913 1477 exitu
929 1417 1064 1491 prohibi·

91 1508 142 1561 tus
156 1500 272 1561 resistit
283 1508 312 1560 et
327 1517 519 1576 quacumque
537 1518 608 1561 mox
624 1502 733 1575 potuit,
748 1501 949 1562 inconcessus
965 1518 1064 1561 erum-

57 1611 66 1617 ·
91 1584 146 1660 pit.
177 1579 386 1661 Euthymenes
400 1584 601 1645 Massiliensis
620 1585 823 1646 testimonium
841 1586 926 1645 dicit:
954 1586 1064 1659 „Navi-

92 1665 178 1744 gavi‚
200 1668 313 1742 inquit,
336 1669 521 1728 Atlanticum
541 1684 637 1741 mare,
660 1669 742 1728 unde
762 1670 846 1729 Nilus
865 1668 944 1740 fluit,
967 1669 1064 1728 maior

93 1749 240 1826 quamdiu
268 1753 381 1810 etesiae
407 1760 527 1826 tempus
554 1752 728 1811 observant.
762 1759 834 1812 tunc
856 1754 935 1813 euim
959 1753 1065 1813 eicitur

92 1848 177 1892 mare
191 1834 374 1903 instantibus
389 1836 496 1895 ventis.
519 1852 588 1895 cum
603 1835 787 1907 resederint,
805 1845 834 1895 et
848 1838 975 1910 pelagus
992 1852 1064 1896 con-

93 1916 226 1992 quiescit
245 1917 405 1992 minorque
428 1917 627 1979 descendenti
648 1917 719 1977 inde
738 1918 785 1977 vis
800 1918 866 1977 Nilo
889 1927 944 1978 est.
980 1919 1064 1978 Cete-

91 2016 160 2060 rum
185 1999 282 2059 duleis
311 2002 385 2060 mari
411 2017 506 2075 sapor
531 2008 578 2060 est
594 2009 624 2060 et
640 2001 754 2060 similes
770 2000 905 2061 Niloticis
923 2002 1064 2061 beluae.“

93 2083 194 2158 Quare
208 2098 298 2158 ergo,
321 2084 347 2143 si
362 2085 460 2145 Nilum
474 2085 588 2144 etesiae
603 2091 785 2159 provocant,
810 2093 839 2145 et
853 2093 922 2144 ante
937 2083 1006 2143 illos
1021 2084 1108 2144 inab

93 2168 169 2241 cipit
182 2166 402 2227 incrementum
416 2167 482 2227 eius
498 2175 528 2226 et
543 2176 614 2242 post
628 2184 682 2228 eos
698 2169 806 2228 durat?
826 2168 988 2227 Praeterea
1002 2184 1064 2227 non

92 2250 128 2310 ut
141 2249 252 2322 maior,
268 2265 329 2325 quo
343 2251 384 2311 illi
401 2250 515 2310 flavere
530 2251 755 2325 vehementius,
777 2268 834 2312 nec
848 2252 1006 2311 remittitur
1021 2252 1065 2309 in-

94 2334 279 2408 citcturque,
299 2341 389 2408 prout
399 2335 458 2394 illis
469 2334 591 2409 inpetus
608 2335 678 2409 suit,
697 2336 780 2409 quod
791 2337 891 2410 fieret,
908 2338 932 2394 si
945 2335 1064 2394 illorum

92 2415 210 2476 viribus
235 2412 395 2478 cresceret.
433 2418 524 2491 Quid,
552 2420 634 2492 quod
656 2418 770 2479 etesiae
792 2419 861 2477 litus
878 2419 1065 2494 Aegyptium

92 2500 258 2559 verberant
280 2508 311 2560 et
334 2508 440 2561 contra
466 2502 534 2561 illos
554 2501 639 2562 Nilus
666 2502 839 2573 descendit,
864 2500 935 2559 inde
959 2507 1065 2559 ventu-

92 2599 147 2643 rus
162 2583 246 2642 unde
268 2584 323 2655 illi,
347 2584 373 2643 si
393 2585 479 2660 origo
500 2585 612 2645 abillis
629 2590 732 2644 esset‘l
748 2583 921 2642 Praeterea
936 2597 974 2640 ex
990 2582 1065 2640 mari

93 2681 192 2742 purus
211 2672 242 2724 et
262 2667 421 2727 caeruleus
442 2666 595 2741 efflueret,
617 2684 677 2727 non
699 2675 732 2726 ut
751 2681 831 2724 nunc
852 2665 990 2724 turbidus
1012 2680 1064 2723 ve-

93 2751 182 2808 niret.
225 2750 331 2823 Adde,
354 2752 437 2825 quod
458 2752 661 2811 testimouium
683 2751 747 2810 eius
769 2749 889 2808 testium
910 2748 998 2808 turba
1015 2754 1107 2808 caat

93 2833 239 2906 arguitur.
268 2841 339 2893 tunc
362 2843 427 2894 erat
446 2835 605 2894 mendacio
627 2836 730 2905 locus,
752 2848 819 2891 cum
839 2832 943 2907 ignota
962 2839 1068 2892 essent

92 2923 239 2987 externa,
256 2920 304 2988 [st]
320 2917 432 2977 libebat
446 2919 504 2977 illis
520 2918 639 2976 fabulas
655 2918 794 2977 miscere:
817 2932 897 2975 nune
912 2933 987 2977 vero
1004 2923 1068 2977 tota

94 2999 194 3058 exteri
209 3000 301 3059 maris
317 3017 372 3060 ora
386 3009 587 3060 mercatorum
604 3000 733 3061 navibus
749 2998 919 3074 stringitur,
937 3016 1067 3076 quorum

95 3099 186 3142 nemo
210 3084 347 3142 narrat*
366 3101 446 3145 nunc
465 3088 633 3145 romuleum
654 3085 749 3144 Nilum
771 3090 823 3145 aut
842 3099 925 3142 mare
945 3084 1066 3159 saporis

94 3167 238 3239 alterius,
254 3165 270 3202 *
287 3168 370 3241 quod
387 3175 416 3227 et
429 3175 536 3229 natura
553 3168 637 3226 credi
651 3176 747 3238 vetat,
772 3169 842 3242 quia
857 3168 1066 3228 dulcissimum

95 3249 244 3325 quodque
259 3255 289 3307 et
302 3252 490 3311 levissimum
506 3251 552 3310 sol
568 3251 665 3311 trahit.
685 3252 845 3311 Praeterea
860 3267 954 3328 quare
968 3250 1108 3311 hiemet&

95 3348 156 3393 non
179 3335 311 3392 crescit?
343 3342 372 3393 et
396 3344 465 3395 tunc
486 3340 588 3409 potest
606 3335 706 3395 ventis
728 3336 872 3396 concitari
894 3351 991 3405 mare,
1013 3330 1067 3389 ali-

95 3415 221 3492 quando
242 3416 364 3490 quidem
386 3419 565 3478 maioribus:
594 3434 664 3477 nam
685 3420 799 3478 etesiae
813 3415 971 3492 temperati
986 3420 1067 3474 sunt.
