2346 3832
288 176 340 235 DE
360 174 573 234 BENEFlCllS
596 175 667 232 LlB.
679 174 744 232 Vll.
770 182 867 234 2--t.
1007 174 1067 238 137

88 326 316 400 tranquilloque
336 327 432 385 tutela
452 332 513 396 est,
534 325 575 384 ita
592 323 641 382 hic
657 323 760 383 officia
775 339 846 392 sua,
872 323 1010 395 quamvis
1024 326 1068 383 la·

88 410 204 469 tissime
221 416 360 483 pateant,
384 409 450 466 sine
464 409 591 466 tumultu
606 405 669 467 obit
685 415 714 466 et
733 422 822 465 omne
837 405 1000 466 humanum
1015 423 1066 481 ge·

88 510 145 553 nus
167 491 401 567 potentissimus
417 492 483 551 eius
502 492 698 565 optimusque
713 491 791 549 intra
806 504 840 547 se
855 490 946 548 videt.
982 490 1096 549 Dari-3

88 576 163 635 deas
183 576 269 650 licet:
297 575 427 649 ingentis
450 575 575 647 spiritus
589 588 639 632 res
654 581 715 645 est,
739 589 807 632 cum
823 573 968 632 orientem
986 575 1065 633 occi-

89 660 273 733 dentemque
302 658 481 718 lustraveris
512 659 633 728 animo‚
668 675 728 732 quo
761 659 851 715 etiam
885 665 1002 717 remota
1037 662 1067 715 et

89 743 304 802 solitudinibus
331 741 496 800 interclusa
522 749 732 815 penetrantur,
762 757 831 800 curn
853 748 895 800 tot
916 740 1065 814 animalia,

86 835 199 886 tantam
215 825 337 899 copiam
353 841 470 896 rerum,
487 841 563 898 quas
579 832 685 883 natura
695 824 871 884 beatissime
889 825 995 896 tundit,
1011 824 1065 882 ad-

88 911 244 983 spexeriS‚
257 909 394 967 emittere
406 908 484 966 hanc
496 909 544 966 dei
556 924 680 967 vocem:
702 908 778 966 haec
791 908 892 967 omnia
904 925 972 967 mea
985 916 1064 967 sunt.

88 993 138 1051 Sic
153 993 202 1061 iit,
220 998 254 1051 ut
269 992 342 1050 nihil
357 992 474 1065 cupiat,
492 992 562 1064 quia
578 990 651 1048 nihil
667 999 713 1049 est
727 997 812 1050 extra
828 993 938 1051 omnia.

147 1077 201 1133 lv.
226 1076 312 1147 „Hoc
323 1076 439 1149 ipsum,
462 1075 579 1148 inquis,
593 1075 691 1133 volui:
714 1082 803 1133 teneo
817 1082 855 1133 te.
876 1077 948 1135 volo
960 1077 1093 1136 videret
1111 1132 1119 1145 ,

88 1159 244 1233 quomodo
268 1174 306 1217 ex
327 1159 375 1217 his
397 1159 530 1231 laqueis
555 1159 584 1216 in
607 1173 685 1231 quos
711 1164 763 1215 tua
784 1165 894 1231 sponte
915 1160 1063 1231 decidisti,

86 1240 262 1316 expliceris.
302 1244 357 1302 Dic
378 1241 465 1313 mihi,
495 1241 808 1316 quemadmodum
838 1248 970 1314 potest
993 1244 1064 1300 ati-

88 1325 176 1399 quis
217 1326 363 1385 donare
400 1324 591 1399 sapienti,
636 1324 668 1382 si
704 1324 831 1382 omnia
867 1324 1063 1396 sapientis

87 1415 202 1469 sunt?
230 1424 298 1466 nem
313 1409 345 1467 id
361 1425 501 1483 quoque,
524 1408 608 1482 quod
623 1407 664 1466 illi
679 1408 787 1479 donat,
803 1407 901 1481 ipsius
917 1414 971 1465 est.
1006 1408 1062 1466 lta-

88 1510 147 1567 que
169 1509 231 1551 non
252 1500 355 1566 potest
375 1492 440 1550 dari
461 1492 642 1551 beneficium
668 1492 814 1566 sapienti,
842 1490 891 1550 cui
916 1489 1063 1564 quicquid

88 1577 184 1647 datur,
208 1576 247 1634 de
270 1593 326 1635 suo
348 1576 450 1634 datur:
475 1576 559 1648 atqui
575 1575 674 1634 dicitis
690 1575 819 1649 sapienti
837 1590 930 1648 posse
946 1575 1063 1633 donari.

86 1660 168 1718 idem
186 1666 288 1718 autem
302 1674 351 1717 me
367 1659 442 1718 scito
459 1664 490 1718 et
503 1659 543 1716 de
560 1659 665 1717 amicis
680 1659 879 1732 interrogare:
902 1659 1003 1718 omnia
1019 1658 1062 1717 di-

88 1743 152 1801 citis
166 1743 225 1801 illis
238 1758 309 1801 esse
322 1743 507 1814 communia,
522 1757 595 1815 ergo
618 1757 724 1799 nemo
746 1744 887 1816 quicqu
898 1758 951 1800 am
974 1743 1062 1800 ami-

89 1841 129 1884 co
151 1827 298 1884 donare
318 1832 462 1900 potest:
485 1827 603 1884 donat
623 1824 718 1883 enim
742 1826 800 1882 illi
822 1827 1062 1883 communia.“

86 1909 163 1967 Nihil
181 1908 323 1982 prohibet
337 1908 452 1983 aliquid
466 1915 496 1967 et
509 1909 655 1983 sapientis
671 1922 741 1965 esse
756 1915 786 1965 et
800 1907 887 1964 etiam
904 1909 985 1977 eim,
1010 1908 1089 1981 quit

88 1992 242 2066 possidet,
267 1991 315 2050 cui
331 1992 433 2051 datum
449 1999 479 2050 et
492 1993 683 2066 adsignatum
697 1998 752 2048 est.
789 1991 858 2048 lure
870 1988 948 2047 civili
963 1991 1064 2049 omnia

86 2076 168 2150 regis
186 2082 273 2135 sunt.
295 2082 325 2134 ct
338 2083 437 2133 tanren
454 2076 518 2148 illa,
542 2092 670 2148 quorum
687 2075 726 2131 ad
741 2088 843 2147 regem
859 2073 987 2145 pertinet
997 2074 1062 2131 uni-

86 2174 178 2218 versa
200 2158 378 2232 possessio,
403 2160 432 2216 in
454 2159 591 2235 singulos
614 2159 755 2217 dominos
778 2157 933 2231 descripta
949 2164 1064 2216 suntet

85 2257 291 2316 unaquaeque
312 2257 362 2300 res
381 2242 473 2301 habet
493 2257 708 2316 possessorem
730 2258 837 2301 suum:
866 2243 968 2316 itaque
989 2241 1062 2300 dare

86 2327 149 2398 regi
170 2333 200 2383 et
222 2326 346 2385 domum
362 2332 391 2384 et
405 2327 586 2399 mancipium
602 2333 631 2385 et
647 2325 807 2399 pecuniam
823 2342 989 2400 possumus
1005 2341 1062 2384 nec

86 2410 203 2468 donare
218 2409 261 2467 illi
275 2410 314 2468 de
329 2425 385 2468 suo
402 2409 538 2467 dicimur.
560 2409 598 2468 ad
614 2425 703 2482 reges
719 2409 798 2467 enim
814 2416 950 2482 potestas
967 2409 1062 2466 omni-

85 2509 134 2551 um
149 2492 294 2566 pertinet,
311 2493 350 2551 ad
362 2493 498 2566 singulos
511 2492 693 2567 proprietas.
727 2493 818 2551 Fines
829 2491 1089 2548 Atheniensium3

86 2585 135 2636 aut
157 2576 381 2649 Campanorum
403 2592 565 2647 vocamus,
591 2593 669 2650 quos
691 2575 802 2634 deinde
822 2574 899 2632 inter
920 2587 955 2630 se
968 2571 1060 2630 vicini

86 2660 204 2732 privata
219 2659 429 2719 terminatione
444 2660 641 2733 distinguunt.
664 2666 694 2719 et
706 2665 789 2718 totus
806 2671 877 2730 ager
893 2658 993 2728 [illius]
1010 2661 1062 2714 aut

85 2743 164 2801 illius
179 2741 366 2816 reipublicae
381 2751 447 2814 est,
475 2759 546 2817 pars
568 2743 678 2802 deinde
693 2759 750 2801 suo
771 2741 894 2799 domino
919 2739 1061 2813 quaeque

86 2833 238 2885 censetur.
261 2825 395 2900 ideoque
410 2827 525 2886 donare
540 2842 632 2900 agros
648 2832 772 2884 nostros
786 2822 972 2898 reipublicae
988 2841 1060 2898 pos-

86 2925 200 2982 sumus
218 2910 358 2983 quamvis
370 2909 450 2969 illius
462 2925 533 2968 esse
545 2911 691 2981 dicantur,
709 2909 780 2982 quia
792 2908 878 2967 aliter
890 2906 968 2967 illius
980 2916 1059 2978 sunt,

85 2994 170 3052 aliter
181 2994 250 3051 mei.
279 2993 432 3066 Numquid
444 2993 568 3052 dubium
582 3000 636 3063 est,
652 2992 723 3066 quin
737 3008 846 3053 servus
860 3007 927 3050 cum
941 2992 1060 3065 peculio
1072 2995 1090 3049 4

85 3076 198 3137 domini
211 3077 271 3136 sitt
295 3077 346 3136 dat
359 3084 459 3135 tamen
473 3077 595 3135 domino
608 3092 665 3135 suo
678 3093 798 3135 munus.
822 3092 882 3134 non
895 3076 974 3133 enim
990 3075 1059 3133 ideo

84 3160 154 3220 nihil
175 3160 271 3219 habet
290 3176 414 3230 servus,
438 3160 508 3234 quia
532 3176 592 3219 non
615 3167 663 3218 est
682 3159 855 3231 habituruS,
877 3160 903 3216 si
918 3157 1059 3216 dominus

84 3243 163 3304 illum
184 3244 302 3303 habere
317 3244 456 3302 noluerit.
478 3258 535 3301 nec
550 3243 620 3301 ideo
636 3258 697 3301 non
713 3250 761 3301 est
774 3258 898 3311 munuS,
922 3257 990 3300 cum
1007 3257 1058 3299 vo·

83 3412 248 3472 admodum
272 3409 436 3485 probemus
456 3411 578 3470 omnia?
606 3425 686 3468 nunc
702 3409 779 3467 enim
795 3407 896 3468 omnia
911 3403 1058 3479 sapientis

82 3510 151 3556 esse
171 3497 252 3554 inter
272 3494 352 3553 duos
375 3493 531 3552 convenit:
554 3493 628 3550 illud
646 3493 729 3566 quod
745 3492 900 3566 quaeritur
916 3484 1062 3559 colligen‘
