2364 3840
296 183 437 245 NATUR.
459 182 621 257 annisi.
642 185 707 245 Lib.
722 187 771 246 111.
794 196 819 247 l.
834 197 860 248 2.
1001 185 1065 250 215

88 335 226 397 animum
246 337 362 410 ipsum,
385 351 446 411 quo
467 351 586 395 summu
607 350 781 411 magnoque
796 353 876 412 opus
891 344 953 410 est,
973 339 1065 399 sedu-

88 436 197 481 eemus
214 435 232 478 a
247 433 386 493 corpore.
414 419 525 478 deinde
545 418 575 477 iu
593 419 719 478 occultis
735 420 900 480 exercitata
915 421 1065 481 subtilitas

90 521 153 566 nan
175 503 231 562 erit
250 503 280 560 in
302 510 406 578 aperta
422 501 564 562 deterior.
602 501 671 560 nihil
688 511 788 564 autem
802 509 852 563 est
866 505 1000 579 apertius
1016 503 1065 564 his

87 584 292 660 salutaribus,
315 600 394 660 quae
415 593 521 645 contra
540 585 704 660 nequitiam
719 593 856 647 nostram
871 589 1066 662 furoremque

88 671 265 744 discuntur,
283 683 362 743 quae
376 668 556 730 damnamus
572 685 629 731 nec
644 670 796 745 ponimus.

154 753 177 811 l.
210 753 444 826 Quaeramus
469 768 560 827 crgo
585 753 629 812 de
653 753 765 829 aquis
791 762 828 815 et
851 755 1094 829 iuvestige-1

89 852 187 907 mus,
211 852 285 911 qua
304 836 458 895 ratione
480 837 592 896 tiana
615 835 695 912 sive,
711 846 744 898 ut
758 838 799 899 ait
815 837 948 910 Ovidius,

151 921 223 994 sons
236 926 303 979 erat
316 921 415 978 illimis
429 920 531 979 nitidis
544 930 701 993 arqenteas
714 924 811 994 andin

89 1002 175 1076 sive,
191 1010 224 1063 ut
238 1003 280 1062 ait
294 1002 458 1076 Vergilius,
842 1061 848 1075 ,

151 1088 232 1147 ande
244 1103 301 1161 per
319 1101 374 1146 ora
393 1102 493 1145 navem
507 1095 588 1147 uasto
603 1103 670 1146 cam
684 1103 835 1147 marmure
847 1092 951 1148 moniis

153 1173 177 1230 it
190 1185 275 1229 marc
287 1176 483 1244 praereptum
497 1177 525 1229 et
532 1173 643 1244 pelagio
656 1173 766 1245 premit
779 1188 854 1230 arva
867 1176 991 1245 sonanti,

88 1255 173 1325 sive,
189 1260 223 1312 ut
237 1252 320 1328 apud
336 1260 379 1324 te,
396 1253 514 1311 iuvenis
531 1254 702 1326 carissime,
717 1254 848 1326 invenio,

155 1339 243 1397 elisus
258 1337 365 1397 Siculis
379 1336 559 1409 defectibus
575 1340 676 1397 exsilit
685 1339 788 1408 amnis,

89 1420 120 1482 si
136 1436 197 1495 qua
211 1419 287 1479 ratio
303 1435 401 1495 aquas
418 1420 638 1491 subministret,
656 1420 810 1495 quomodo
826 1427 871 1479 tot
882 1419 1008 1479 flumina
1022 1422 1066 1479 in·

90 1504 196 1580 gentia
214 1518 270 1578 per
285 1503 364 1563 diem
379 1511 562 1578 noctemque
576 1505 749 1564 decurrant.
778 1519 897 1579 quare
914 1504 990 1562 alia
1009 1503 1067 1561 hi·

91 1582 646 1662 bernisaqaisintumeseait‚
670 1588 744 1648 alia
765 1587 802 1645 in
826 1588 982 1647 deiectu
1005 1602 1066 1646 ee-

92 1681 263 1732 ternrum
286 1670 446 1731 amnium
464 1679 653 1731 crescant.
686 1671 806 1731 Nilum
828 1670 982 1731 interim
1005 1679 1100 1730 se·2

92 1769 281 1831 ponemus
303 1771 321 1812 a
342 1753 445 1826 turba,
468 1756 611 1829 propriae
632 1762 758 1814 naturae
781 1770 817 1813 ac
838 1756 1016 1829 singularis,
1039 1763 1070 1814 et

92 1837 335 1897 illisuum'diem
351 1823 506 1897 dabimus:
528 1853 626 1897 nunc
642 1839 824 1910 volgares
840 1855 962 1912 aquas
979 1853 1069 1912 pra·

92 1921 583 1996 sequamur,tamirigidas
599 1922 908 1997 quamcalentes.
931 1922 966 1978 in
984 1921 1068 1994 qui·

92 2003 163 2064 bus
184 2003 376 2077 [calentibus]
393 2006 653 2079 quaerendum
669 2002 758 2075 erit,
779 2012 899 2063 utrum
915 2003 1069 2062 calidae

93 2078 1068 2162 nascanturanliant.deceterisqucquedissere·

85 2185 194 2244 mus,
217 2186 316 2245 quas
338 2170 518 2245 insignes
540 2179 604 2231 aut
624 2169 1067 2245 saporautaliquared-

95 2253 155 2313 dit
175 2253 347 2313 utilitase
376 2255 526 2329 quaedam
542 2256 621 2314 enim
638 2256 760 2327 oculos,
785 2255 936 2330 quaedam
954 2268 1068 2314 nervos
1083 2265 1100 2319 3

95 2339 219 2409 iuvant,
249 2337 399 2411 quaedam
422 2343 557 2396 veterata
578 2346 607 2397 et
626 2356 645 2397 a
666 2338 793 2399 medicis
813 2338 978 2413 desperata
999 2338 1069 2398 vitia

94 2427 268 2496 percurant.
297 2420 448 2494 quaedam
462 2422 622 2480 medentur
636 2421 806 2492 ulceribuS,
830 2422 980 2493 quaedam
994 2423 1068 2480 inte·

93 2505 177 2564 riona
197 2511 273 2578 potu
293 2503 396 2564 invent
418 2512 448 2563 et
466 2505 619 2578 pulmonis
643 2521 678 2564 ac
700 2505 851 2563 viscerum
870 2505 1012 2577 querelas
1026 2505 1068 2561 le-

93 2594 176 2647 vant.
206 2586 357 2661 quaedam
370 2589 566 2662 supprimunt
585 2589 778 2662 sanquinem:
801 2593 863 2645 tam
885 2587 988 2645 varius
1007 2583 1068 2643 sin·

68 2685 71 2690 ·
92 2670 175 2745 gulis
190 2686 267 2730 usus
282 2677 330 2729 est
345 2687 434 2744 quam
450 2679 567 2744 gustus.

155 2754 192 2812 ll.
211 2754 275 2812 Aut
286 2758 366 2812 stant
381 2769 487 2813 ornnes
502 2769 600 2828 aquae
615 2760 666 2812 aut
678 2759 749 2812 eunt
763 2757 814 2811 aut
826 2751 1007 2824 colliguntur·
1018 2757 1069 2809 aut
1087 2765 1097 2814 l

95 2837 197 2896 varias
209 2835 322 2895 habeat
332 2852 438 2896 venas,
454 2837 530 2896 aliae
543 2843 613 2896 sunt
623 2836 744 2908 dulces,
759 2836 835 2893 aliae
847 2834 965 2893 variae:
979 2848 1067 2908 aspe-

93 2935 147 2979 rae
159 2919 276 2994 quippe
287 2919 502 2991 interveniant,
521 2920 622 2979 salsae
634 2933 817 2993 amaraeque
828 2923 880 2977 aut
890 2917 1067 2990 medicatae,

94 3019 134 3061 ex
150 3002 260 3078 quibus
276 3002 473 3077 sulphuratas
489 3004 632 3076 dicimus,
648 3004 792 3074 serratas,
808 2999 1009 3083 aluminasas:
1024 3000 1069 3059 in·

95 3086 177 3146 dieat
188 3085 250 3145 vim
265 3102 368 3160 sapor.
390 3087 509 3146 Habent
523 3094 681 3161 praeterea
694 3089 768 3146 mul
779 3093 813 3146 ta
830 3084 1068 3144 discrimina.
1084 3096 1100 3148 a

95 3169 226 3245 primum
242 3176 356 3229 taetus:
386 3170 513 3243 frigidae
528 3180 558 3229 et
576 3170 691 3229 calidae
711 3178 790 3229 sunt.
820 3167 930 3227 deinde
953 3167 1068 3241 pande-

93 3254 152 3312 ris=
181 3255 266 3311 leves
287 3260 317 3312 et
336 3268 447 3327 graves
471 3260 550 3315 sunt.
581 3253 693 3312 deinde
715 3254 844 3313 colaris=
871 3265 965 3324 purae
988 3257 1068 3320 suut,

95 3336 249 3407 turbidae,
276 3337 451 3410 caeruleae,
477 3337 596 3396 lividae.
628 3337 740 3396 deinde
766 3331 966 3396 salubritatis:
1000 3338 1071 3391 sunt

94 3421 176 3480 euim
196 3419 303 3493 utiles,
324 3427 395 3479 sunt
409 3421 591 3480 martilerae.
624 3425 707 3493 [sunt
722 3434 802 3495 quae
817 3420 967 3488 coguntur
980 3414 1012 3471 iu
1026 3415 1069 3472 la-
