2364 3840
152 178 215 242 232
427 179 462 238 L.
485 178 631 238 ANNAEI
651 176 827 237 SENECAE

124 338 233 400 estant
256 346 292 391 ac
312 330 416 405 rigent
435 330 551 402 omnia,
573 330 631 388 cito
653 344 689 388 ac
704 337 831 403 repento
846 326 1009 390 dissiliunt.
1044 330 1130 405 Quic-

154 415 228 491 quid
248 431 287 474 ex
302 414 362 473 hoc
377 422 572 473 staturarum
587 420 694 472 natura
708 411 843 485 llexerit,
865 412 894 471 in
910 413 1036 473 exitium
1050 431 1128 475 mor·

153 500 255 560 talium
271 500 345 558 satis
362 504 418 557 εει.
443 512 516 571 ergo
533 512 602 555 cum
617 496 747 555 adiuerit
760 497 812 555 illa
825 497 998 557 necessitas
1013 505 1127 573 tempo·

153 584 211 654 ris,
234 584 326 641 multa
341 582 429 640 simul
446 581 507 639 lata
522 595 634 639 causas
651 587 782 639 movent
805 595 862 639 nec
877 579 958 639 enim
974 582 1042 641 sine
1057 597 1127 642 con·

154 667 298 725 cussione
314 664 416 724 mundi
432 671 514 722 tanta
529 662 653 723 mutatio
664 670 725 733 est,
741 670 773 723 ut
784 662 908 737 quidam
920 672 1036 737 putant,
1053 666 1128 725 iuter

125 772 142 820 4
155 766 234 824 quos
250 749 402 808 Fabianus
416 754 473 805 est.
506 746 604 806 Primo
616 747 759 805 inmodici
772 746 885 805 cadunt
895 746 1009 806 imbres
1022 754 1052 807 et
1063 749 1127 808 sine

154 834 222 891 ullis
244 831 361 891 solibus
382 831 467 888 triste
484 830 587 889 nubilo
603 832 723 890 coelum
737 836 784 888 εει
798 829 973 904 nebulaque
987 832 1126 891 continua

154 924 184 974 ει
205 931 243 973 ex
259 914 382 972 humido
398 914 502 987 spissa
515 911 614 986 caiigo
629 929 793 988 numquam
808 913 1039 975 exsiccantibus
1057 932 1125 975 veo-

154 999 201 1058 tis.
235 997 305 1054 inde
321 997 425 1056 vitium
439 1004 487 1056 εει
504 997 593 1068 sotis,
611 1005 748 1070 segetum
760 996 826 1055 sine
839 996 927 1069 lrugc
940 1000 1125 1072 surgentium

153 1096 281 1139 marcor.
310 1088 381 1139 tunc
404 1081 556 1154 corruptis
579 1095 658 1154 quac
679 1086 822 1140 seruntur
845 1094 953 1153 manu,
982 1081 1125 1156 palustris

125 1164 293 1225 somnibus
315 1164 432 1238 campis
453 1164 548 1223 herba
568 1164 747 1223 subcrescit.
784 1161 858 1222 Mox
874 1162 1018 1223 iniuriam
1034 1174 1064 1224 et
1077 1183 1124 1224 ra-

154 1247 261 1306 lidiora
273 1262 413 1307 sensere:
434 1248 544 1307 solutis
555 1247 671 1321 quippe
682 1246 835 1305 radicibus
847 1245 975 1306 arbusta
985 1263 1124 1322 procum·

153 1331 228 1390 bunt
243 1338 273 1390 ει
287 1331 356 1390 vitis
368 1337 459 1404 atque
472 1345 560 1390 omne
574 1331 733 1404 virgultum
745 1345 805 1389 non
818 1335 936 1388 tenetur
946 1331 1026 1404 solo,
1046 1331 1125 1406 quod

152 1415 243 1472 molle
263 1412 452 1488 fluidumque
474 1422 529 1472 est.
558 1414 617 1471 iam
633 1426 689 1472 nec
704 1413 840 1486 gramina
855 1421 906 1471 aul
922 1413 1037 1487 pabula
1051 1416 1126 1475 taeta

153 1498 242 1571 aquis
265 1498 401 1555 sustinet.
431 1497 509 1554 lame
531 1496 686 1567 laboratur
705 1503 735 1554 et
756 1511 863 1555 manus
879 1497 919 1554 ad
934 1497 1124 1572 antiquaali·

152 1587 254 1638 menta
275 1580 448 1652 porrigitur·
478 1594 539 1652 qua
560 1578 620 1637 ilex
642 1586 740 1638 estet
761 1594 908 1654 quercuS,
931 1580 1086 1641 excutitur
1098 1587 1126 1640 et

154 1677 365 1736 quaecumque
379 1663 408 1720 in
424 1661 472 1721 his
486 1660 590 1721 arduis
605 1662 697 1723 arbor
708 1663 909 1722 commissura
923 1658 1073 1724 adstricta
1085 1665 1124 1722 ia·

123 1744 255 1819 opidum
278 1745 367 1804 stetit.
404 1745 521 1806 Labant
541 1761 577 1805 ac
597 1746 719 1806 madent
739 1754 818 1805 lecta
832 1752 862 1804 ει
876 1747 906 1804 in
922 1747 1017 1806 imum
1029 1763 1125 1823 usque

151 1829 283 1902 receptis
305 1829 394 1902 aquis
416 1830 611 1889 fundamenta
633 1830 776 1889 desidunt
800 1845 837 1889 ao
856 1836 920 1890 tota
939 1829 1052 1891 humus
1068 1838 1124 1891 sta·

151 1921 232 1987 gnat.
261 1914 372 1973 frustra
392 1912 582 1974 titubantium
604 1913 713 1972 luitura
734 1919 905 1988 temptatur.
935 1929 1027 1974 omne
1049 1916 1124 1973 enim

152 1996 372 2056 firmamentum
388 1995 418 2055 in
435 1997 552 2056 lubrico
569 1997 669 2070 ligitur
680 2003 709 2055 et
720 1996 749 2054 in
762 1999 863 2057 lutosa
875 1997 968 2058 humo
980 1998 1055 2057 nihil
1068 2006 1123 2058 sta·

123 2079 212 2146 rbile
233 2087 288 2138 est.
332 2079 496 2154 Postquam
517 2081 614 2152 magis
636 2080 795 2153 magisque
818 2080 911 2139 nimbi
931 2081 1078 2156 ingruunt
1097 2090 1124 2141 ει

151 2168 317 2235 congestae
338 2164 450 2221 seculis
468 2162 630 2221 tabuerunt
646 2164 748 2235 nives,
772 2163 934 2224 devolutus
949 2171 1071 2226 torrens
1085 2165 1123 2224 al·

149 2245 276 2304 tissimis
298 2244 451 2303 montibus
472 2245 551 2317 rapit
564 2243 659 2304 silvas
675 2247 752 2305 male
766 2246 928 2307 haerentes
942 2254 975 2308 et
989 2265 1068 2309 saxa
1080 2263 1122 2307 ra

150 2326 261 2385 volutis
284 2327 414 2386 remissa
435 2327 635 2402 compagibus
657 2336 745 2390 rotat.
773 2329 867 2391 abluit
886 2330 976 2391 villas
992 2339 1023 2394 ct
1037 2334 1123 2393 iuter·

149 2411 261 2469 mixtos
283 2410 442 2484 dominos,
471 2426 582 2485 greges
607 2413 743 2485 devehit,
771 2413 933 2489 vulsisque
958 2416 1123 2476 minoribus

150 2495 252 2567 tectis,
275 2495 404 2570 quaein
426 2493 554 2555 transitu
575 2495 715 2566 abduxit,
739 2497 862 2557 tandem
881 2497 912 2558 in
929 2499 1048 2560 maiora
1065 2499 1121 2559 vio·

148 2578 249 2639 lentus
271 2580 398 2638 aberrat.
433 2580 525 2639 urbes
547 2586 577 2638 ει
596 2577 749 2654 inplicitos
772 2580 861 2640 trahit
880 2581 1043 2643 moenibus
1061 2582 1122 2642 suis

150 2663 302 2737 populos,
332 2664 448 2722 ruinam
480 2679 519 2722 au
555 2661 745 2736 naufragium
777 2672 945 2737 querantur
974 2666 1122 2727 lucentcs:

149 2747 227 2804 adeo
249 2747 338 2805 simul
360 2755 390 2805 et
411 2747 495 2821 quod
516 2747 700 2821 opprimeret
720 2753 750 2806 ει
768 2747 853 2821 quod
867 2757 1020 2823 mergeret
1034 2748 1123 2809 venit.

148 2835 255 2888 auctus
278 2828 388 2887 deinde
410 2845 562 2903 processu
582 2830 698 2905 aliquot
715 2829 745 2888 in
766 2845 801 2888 se
821 2830 1007 2891 torrentibus
1031 2832 1123 2906 raptis

149 2912 241 2982 plana
263 2909 377 2982 passim
394 2914 571 2985 populatur:
596 2911 762 2972 novissime
777 2912 807 2971 in
819 2918 969 2974 miseriam
985 2930 1123 2990 magnam

119 2993 281 3066 agentium
307 2991 408 3051 clarus
434 3004 627 3070 onustusque
652 2995 839 3057 diffunditur.
884 2996 1025 3057 Flumina
1053 3013 1122 3058 vero

148 3081 258 3148 suapte
278 3080 385 3132 natura
406 3083 492 3133 vasta
513 3085 543 3135 ει
564 3079 794 3154 tempestatibus
811 3087 899 3154 rapta
914 3082 1022 3142 alveos
1036 3080 1123 3142 reliu-

149 3164 253 3232 quunt.
285 3156 359 3231 quid
379 3164 408 3216 tu
435 3157 633 3235 Rhodanum,
660 3162 733 3235 quid
753 3169 843 3236 putas
866 3163 1008 3225 Rhenum
1035 3172 1124 3239 atque

147 3239 333 3309 Danubium,
363 3239 474 3312 quibus
497 3247 614 3303 torrens
636 3253 665 3305 ει
687 3247 716 3304 in
737 3245 835 3305 canali
856 3262 913 3307 suo
936 3263 1049 3309 cursus
1069 3253 1123 3318 cst

149 3339 217 3383 curn
239 3323 394 3397 superfusi
415 3336 511 3379 novas
535 3323 593 3383 sibi
615 3329 751 3388 lecerunt
766 3328 850 3404 ripas
866 3345 902 3389 ac
917 3331 1020 3392 scissa
1034 3331 1122 3392 humo

118 3407 238 3469 bsimul
259 3420 424 3465 excessere
441 3405 550 3463 alveo?
581 3416 693 3481 quanta
708 3427 775 3471 cum
791 3413 1047 3489 praecipitatione
1061 3417 1119 3475 vol·
