2364 3840
118 206 179 270 ita
359 166 362 173 ’
392 206 425 265 L.
447 204 593 263 auulsi
613 203 788 264 suanacas

119 360 252 435 quadam
273 356 430 417 saeviendi
452 357 537 428 iurit,
566 356 592 416 si
613 357 643 415 in
664 371 717 416 ore
736 362 898 431 pareutum
917 355 1032 418 liberos
1046 357 1081 419 iu

118 446 216 518 gulat,
231 443 258 501 si
273 458 334 501 non
350 446 509 500 contentus
526 438 656 514 simplici
670 446 768 499 morte
782 438 958 516 distorquet
968 455 1025 500 nec
1035 442 1084 501 urit

119 529 217 586 solum
239 525 404 599 perituros,
427 523 484 582 sed
506 522 665 597 excoquit,
692 523 718 581 si
738 523 883 596 carnifex
896 524 967 583 eius
983 539 1084 584 cruore

117 617 148 669 et
162 624 285 682 semper
298 606 411 665 recenti
426 606 542 665 nradet:
565 621 671 679 parum
684 612 733 665 est
745 604 817 665 huic
828 604 1016 667 beneficium
1030 623 1083 667 uon

116 693 256 751 reddere.
280 688 425 763 quicquid
440 698 504 748 crat
519 706 579 763 quo
594 688 665 748 mihi
680 687 870 761 cohaereret,
892 689 1082 750 intercisaiu-

88 776 159 841 oris
175 773 297 833 huniani
314 772 445 832 societas
461 770 599 831 abscidit.
636 770 668 831 Si
683 772 888 846 praestitisset
902 772 1028 847 quidem
1040 774 1083 832 ali-

119 858 191 933 quid
205 856 291 927 mihi,
317 854 373 913 sed
385 870 468 913 arma
479 857 595 930 patriae
606 870 693 914 meae
709 855 847 915 inferret:
869 856 1018 929 quicquid
1031 871 1082 915 me

117 946 220 999 ruerat
236 938 422 1012 perdidisset
432 945 462 997 et
476 939 590 997 referre
605 937 645 996 ilii
658 936 785 1011 matiam
800 938 904 997 scelus
919 937 1081 999 baberetur.

119 1024 229 1105 sinon
253 1021 379 1094 patriam
401 1036 499 1079 meam
518 1022 683 1095 inpugnat,
706 1020 762 1079 sed
783 1035 860 1081 suae
880 1022 987 1095 gravis
1002 1028 1083 1081 estet

119 1105 275 1179 sepositus
291 1120 310 1163 a
324 1120 392 1163 mea
406 1111 495 1178 gente
511 1119 597 1163 suam
611 1102 759 1177 exagitat,
775 1102 930 1165 abscindit
943 1102 1082 1166 nihilomi-

119 1205 177 1248 nus
187 1189 269 1247 illum
280 1194 361 1247 tanta
371 1187 505 1261 pravitas
516 1187 606 1245 animi
614 1192 663 1258 [et]
672 1186 789 1245 etiamsi
798 1201 859 1245 non
868 1186 1033 1261 inimicum,
1046 1186 1082 1246 in-

118 1272 218 1332 visum
234 1270 305 1330 mihi
320 1270 415 1330 elficit
428 1271 573 1344 priorque
584 1269 657 1328 mihi
668 1284 705 1327 ac
716 1269 816 1344 potior
825 1269 893 1329 eius
906 1270 1004 1331 cilicii
1016 1270 1082 1329 ratio

119 1361 179 1425 est,
209 1354 293 1428 quod
314 1353 446 1413 humano
462 1352 566 1426 generi
582 1367 673 1426 quam
688 1352 771 1425 quod
786 1352 836 1410 uni
852 1352 970 1412 homini
984 1354 1083 1413 debeo.

92 1453 108 1504 1
182 1438 245 1497 XX.
275 1434 337 1495 Sed
354 1437 492 1509 quamvis
508 1435 566 1493 hoc
581 1436 622 1493 ita
638 1435 676 1493 sit
690 1444 719 1495 et
734 1450 773 1493 ex
787 1451 825 1495 eo
839 1441 981 1511 tempore
995 1437 1084 1496 omnia

120 1520 190 1579 mihi
206 1521 236 1578 in
251 1519 333 1578 illum
349 1518 408 1577 sint
421 1517 530 1590 libera,
554 1533 592 1575 ex
608 1533 669 1591 quo
688 1518 914 1592 corrumpendo
930 1519 979 1578 ias
995 1534 1083 1589 omne,

119 1611 153 1662 ut
167 1602 240 1660 nihil
255 1603 285 1660 in
300 1617 369 1659 eum
384 1600 470 1660 naias
484 1607 581 1674 esset,
605 1600 754 1660 effecerit:
777 1601 859 1660 illum
876 1600 952 1661 mibi
966 1618 1083 1662 servan-

120 1684 193 1744 dum
213 1685 336 1743 modum
356 1684 493 1757 credam,
514 1691 561 1756 ut,
585 1682 612 1743 si
625 1684 806 1743 beneficium
820 1683 862 1743 illi
877 1700 980 1745 meum
994 1699 1085 1759 neque

119 1767 200 1826 vires
224 1767 354 1826 maiores
375 1767 514 1828 daturum
529 1774 576 1825 est
591 1766 756 1825 inexilium
771 1782 933 1827 commune
947 1783 1007 1827 nec
1021 1784 1085 1828 cou-

120 1850 306 1910 firmaturum
318 1865 395 1926 quas
411 1850 510 1923 habet,
530 1849 561 1909 id
576 1856 675 1909 autem
690 1848 754 1921 erit,
770 1848 855 1921 quod
869 1849 912 1909 ilii
925 1850 1016 1911 reddi
1028 1851 1084 1911 siut

91 1947 108 1998 a
142 1934 255 1994 emicie
270 1933 391 2007 publica
407 1934 520 2008 possit,
540 1931 677 1991 reddam.
711 1931 848 1992 Servabo
862 1932 960 1993 fliium
971 1935 1038 1995 eius
1048 1934 1086 1993 in·

120 1950 247 2076 fantem
270 2017 343 2091 quid
358 2017 418 2075 hoc
432 2016 613 2075 beneficium
629 2014 717 2074 obest
728 2016 869 2090 cuiquam
879 2030 999 2087 eorum,
1016 2032 1087 2093 quos

120 2100 283 2159 crudelitas
305 2099 372 2158 eius
393 2100 526 2159 lacerati
554 2097 730 2171 pecuniam,
760 2113 839 2173 quae
860 2100 1023 2161 sateibtenr
1042 2100 1087 2161 sti·

119 2182 232 2255 pendio
249 2188 363 2251 teneat,
386 2196 447 2239 non
463 2181 707 2242 subministrabo.
743 2180 776 2241 Si
787 2180 941 2243 marmora
949 2191 983 2244 et
995 2193 1088 2244 vestes

120 2262 354 2332 desideraverit,
377 2263 450 2321 nihil
472 2264 569 2322 oberit
589 2265 732 2339 cuiquam
747 2264 792 2337 id,
815 2280 876 2340 quo
891 2266 1088 2327 luxuriosius

87 2351 104 2403 3
120 2344 291 2405 instruitur:
314 2345 437 2404 militem
452 2354 482 2406 et
497 2362 580 2405 arma
591 2364 651 2407 non
663 2346 835 2422 subgeram.
872 2346 904 2408 Si
916 2365 976 2424 pro
986 2364 1088 2424 magno

120 2436 202 2504 petet
222 2444 347 2488 munere
368 2429 500 2488 artifices
519 2445 631 2490 scenae
646 2438 677 2491 et
690 2439 792 2491 scorta
806 2438 837 2491 et
852 2446 933 2506 quae
949 2433 1088 2494 feritatem

119 2513 184 2572 cius
208 2512 377 2584 emolliant,
406 2512 505 2572 libens
528 2513 663 2572 offeram.
695 2514 745 2574 cui
764 2514 903 2573 triremes
925 2522 957 2575 et
977 2524 1088 2577 aeratas

118 2613 178 2656 uon
194 2596 357 2668 mitterem,
378 2597 509 2656 lusorias
525 2606 554 2657 et
574 2596 763 2657 cubiculatas
782 2597 887 2657 etalio
903 2598 1036 2659 ludibria
1047 2614 1087 2658 re-

118 2694 189 2752 gum
216 2680 244 2737 in
265 2680 339 2738 mari
361 2678 579 2740 lascivientium
595 2680 723 2739 mittam:
745 2686 776 2739 et
789 2680 816 2739 si
830 2695 871 2739 ex
884 2686 949 2743 toto
965 2684 1032 2743 eius
1046 2698 1088 2741 sa-

117 2762 195 2820 nitas
222 2762 386 2836 desperata
403 2764 507 2835 luerit,
530 2763 637 2822 eadem
652 2778 744 2822 manu
757 2762 941 2825 beneficium
955 2765 1088 2826 omnibus

118 2842 213 2916 dabo,
234 2843 276 2903 illi
290 2845 432 2904 reddam:
454 2847 597 2921 quoniam
613 2846 742 2920 ingeniis
756 2846 868 2907 talibus
882 2848 987 2909 exitus
1000 2863 1088 2909 reme

118 2926 199 2985 dium
222 2933 269 2985 est
290 2928 499 3004 optimumque
519 2937 566 2989 est
584 2929 668 2989 abire
688 2929 732 3001 ei,
756 2929 809 3003 qui
823 2929 862 2988 ad
877 2944 916 2996 se
928 2946 1088 3007 numquam

85 3018 102 3068 4
116 3008 269 3068 rediturus
284 3019 341 3070 est.
376 3011 437 3071 Sed
452 3013 528 3073 haec
542 3028 612 3072 rara
626 3013 761 3088 nequitia
778 3021 827 3072 est
840 3020 872 3073 et
885 3028 1012 3089 semper
1024 3030 1088 3091 por·

118 3091 189 3151 tenti
210 3092 279 3151 loco
300 3092 418 3167 habita,
441 3096 519 3155 sicut
539 3096 639 3156 hiatus
655 3104 753 3155 terrae
767 3101 797 3155 et
811 3111 829 3154 e
843 3099 986 3158 cavernis
1001 3096 1086 3157 maris

118 3175 230 3246 ignium
252 3177 381 3250 eruptio.
414 3178 517 3252 itaque
538 3179 575 3238 ab
593 3179 643 3239 illa
659 3180 853 3240 recedamus=
876 3179 917 3240 de
933 3182 972 3241 iis
986 3182 1086 3257 loqua-

83 3269 100 3318 5
116 3273 183 3316 mur
202 3258 297 3331 vitiis,
321 3276 400 3334 quae
422 3262 607 3322 detestamur
627 3262 694 3322 sine
713 3263 849 3322 horrore.
882 3264 964 3323 Huic
978 3264 1087 3326 bomini

115 3342 211 3414 malo,
234 3358 323 3417 quem
340 3341 520 3403 invenirem
538 3345 673 3420 quolibet
685 3347 751 3407 loro
764 3362 907 3423 possum,
929 3363 1022 3423 quem
1033 3349 1088 3409 siu·

115 3426 177 3498 guli
192 3425 309 3500 timent,
331 3427 458 3487 reddam
472 3427 667 3504 beneficium,
688 3430 772 3505 quod
786 3430 903 3505 accepi.
926 3446 1088 3509 nonopor·

115 3515 157 3569 tet
176 3509 247 3569 mibi
269 3512 433 3587 nequitiam
454 3512 521 3572 eius
542 3513 702 3587 prodesse.
731 3513 815 3587 quod
838 3528 940 3575 meum
954 3524 1086 3587 nonest,
