2364 3840
177 264 210 325 L.
222 267 260 326 Α.
274 265 450 326 SENECAE
464 266 605 326 NATUR.
618 267 779 340 QUAEST.
802 270 934 331 Littvt.
950 283 974 332 l.
1010 270 1073 335 271

97 416 244 475 sternatio
256 421 303 474 est
315 416 455 489 omnium,
469 416 519 475 ubi
531 422 611 475 tecta
622 429 805 492 crepuerunt
814 428 844 481 et
855 421 942 481 ruina
953 421 1074 498 signum

97 499 190 558 dedit.
219 506 290 558 tune
305 514 456 574 praeeeps
472 500 604 574 quisque
619 515 653 560 se
668 504 796 577 proripit
811 510 840 563 et
854 513 982 579 penates
998 523 1072 568 suos

96 581 212 642 deserit
227 598 263 641 ae
279 598 314 642 se
328 583 449 657 publiea
462 584 573 643 eredit:
596 600 687 659 quam
700 587 844 646 latebram
858 591 1072 666 prospicimus

97 666 181 741 quod
201 666 360 740 auxilium,
383 667 409 726 si
431 665 513 726 orbis
533 667 600 742 ipse
619 669 723 729 ruinas
739 673 850 744 agitati
871 673 897 732 si
912 671 972 733 hoe
988 676 1073 748 quod

95 765 152 809 nos
169 755 268 809 tuetur
283 765 319 809 ae
335 750 477 824 sustinet,
495 766 590 825 supra
603 753 685 827 quod
699 754 791 813 urbes
803 754 879 814 sitae
890 766 969 828 sunt,
988 758 1072 831 quod

94 833 324 893 laudamentum
345 835 467 908 quidam
495 836 579 895 orbis
604 852 676 895 esse
703 838 858 912 dixerunt,
885 840 1016 899 discedit
1036 857 1071 901 ae

93 916 224 978 titubate
255 916 334 990 Quid
349 918 400 977 tibi
415 933 502 992 esse,
525 935 585 978 non
602 920 672 978 dieo
688 922 806 993 auxilii,
825 922 880 982 sed
893 923 992 983 solatii
1004 932 1099 999 pot-6

94 1008 154 1074 est,
177 1001 228 1060 ubi
248 1001 337 1060 timor
357 1003 457 1075 lugam
480 1002 633 1077 perdidit?
661 1005 811 1078 quidest,
834 1006 973 1080 inquom,
996 1010 1071 1068 satis

92 1085 262 1145 munituna
277 1085 351 1160 quid
363 1085 403 1144 ad
415 1088 538 1148 tutelam
550 1086 673 1146 alterius
684 1096 714 1146 et
726 1089 773 1146 sui
784 1090 923 1149 lirmumt
944 1092 1072 1152 Hostem

92 1183 179 1228 muro
200 1169 346 1242 repellam
367 1177 396 1228 et
416 1177 601 1244 praeruptae
623 1171 787 1231 altitudinis
805 1174 930 1233 castella
947 1179 994 1235 vel
1010 1193 1070 1235 ma-

91 1267 170 1327 gnos
192 1250 344 1311 exereitus
366 1251 543 1313 dillieultate
565 1250 665 1313 aditus
687 1255 892 1314 morabuntur.
921 1266 1070 1333 atempe·

91 1342 170 1396 state
183 1351 241 1396 nos
255 1335 408 1396 vindicant
420 1345 538 1411 portus.
562 1336 732 1396 nimborum
745 1338 805 1397 vim
817 1338 946 1399 effusam
961 1349 990 1400 et
1002 1344 1069 1401 sine

90 1420 152 1479 line
174 1419 320 1479 cadentes
341 1435 438 1493 aquas
459 1428 538 1480 teuta
560 1422 741 1495 propellunt.
773 1421 921 1495 fugientes
943 1439 1004 1483 non
1021 1441 1068 1484 se·

91 1502 194 1578 quitur
214 1502 396 1562 incendium.
426 1504 577 1563 adversus
600 1504 728 1564 tonitrua
745 1512 775 1564 et
790 1505 887 1565 minas
904 1507 981 1566 eoeli
996 1509 1067 1567 sub·

90 1594 250 1647 terraneae
265 1587 373 1646 domus
390 1594 419 1646 et
434 1588 551 1647 delossi
565 1588 595 1647 in
608 1588 700 1647 altum
712 1604 825 1662 sperus
839 1590 975 1649 remedia
987 1598 1066 1652 sunt.

89 1671 170 1746 ignis
190 1670 241 1729 ille
262 1669 405 1730 eoelestis
424 1687 485 1729 non
500 1671 725 1731 transverberat
740 1679 862 1745 terram,
885 1675 941 1733 sed
955 1675 1067 1748 exiguo

89 1754 156 1814 eius
172 1753 294 1815 obiectu
307 1754 485 1814 retunditur.
514 1757 544 1813 in
561 1754 733 1830 pestilentia
749 1765 866 1816 mutare
882 1757 973 1818 sedes
989 1759 1067 1818 lieet.

90 1839 206 1898 nullum
224 1839 336 1897 malum
350 1839 419 1897 sine
435 1838 548 1912 effugio
564 1845 619 1897 est.
649 1855 810 1911 numquam
828 1842 953 1901 lulmina
969 1858 1065 1917 popu·
1080 1854 1096 1908 7

88 1922 137 1982 los
158 1930 369 1996 perusserunt.
405 1921 552 1996 pestilens
575 1923 693 1981 eoelrun
715 1923 856 1982 exhausit
877 1926 984 1998 urbes,
1007 1943 1067 1985 non

89 2005 228 2065 abstulitz
250 2004 309 2065 lroe
325 2009 435 2065 malum
450 2006 597 2065 latissime
613 2013 709 2078 patet,
730 2004 917 2079 inevitabile,
934 2009 1066 2081 avidum,

87 2088 213 2163 publice
229 2089 363 2148 noxium.
393 2090 549 2149 nonenim
566 2089 675 2148 domos
691 2090 790 2148 solum
805 2096 857 2148 aut
871 2090 999 2150 familias
1016 2097 1068 2150 aut

87 2171 182 2232 urbes
205 2171 341 2247 singulas
357 2172 469 2232 haurit:
492 2179 599 2246 gentes
614 2180 694 2232 totas
709 2173 914 2246 regionesque
928 2174 1065 2234 submer-

88 2256 144 2328 sit,
165 2262 196 2314 et
209 2257 302 2316 modo
313 2257 409 2316 ruinis
423 2258 536 2331 operit,
555 2256 647 2316 modo
658 2258 688 2314 in
701 2258 791 2316 altam
804 2258 981 2331 voraginem
994 2273 1066 2317 eon-

88 2337 134 2399 ott
147 2354 185 2399 ae
199 2355 239 2398 ne
254 2340 285 2398 id
300 2341 422 2414 quidem
434 2341 590 2415 relinquit,
607 2356 646 2399 ex
659 2357 719 2414 quo
732 2342 893 2416 adpareat,
910 2341 993 2415 quod
1006 2358 1065 2401 non

88 2428 150 2497 est,
174 2424 282 2482 saltem
300 2424 409 2494 luisse,
426 2424 483 2483 sed
495 2440 589 2497 supra
601 2423 808 2484 nobilissimas
822 2425 913 2484 urbes
926 2426 992 2484 sine
1004 2427 1064 2483 ullo

88 2505 222 2580 vestigio
243 2507 353 2582 prioris
375 2507 495 2567 habitus
516 2509 616 2567 solum
637 2507 817 2566 extenditur.
860 2508 922 2565 Neo
944 2509 1093 2580 desunt,8

89 2590 143 2664 qui
162 2588 224 2650 hoe
244 2605 341 2665 genus
365 2594 469 2650 mortis
491 2592 586 2665 magis
607 2591 744 2662 timeant,
774 2606 834 2663 quo
857 2590 885 2647 in
904 2589 1065 2661 abruptum

89 2688 160 2733 eum
175 2673 302 2734 sedibus
317 2675 383 2733 suis
398 2684 470 2735 eunt
486 2684 546 2734 ete
562 2676 699 2733 vivorum
712 2688 836 2731 numero
848 2670 910 2731 vivi
922 2672 1064 2730 auferun-

88 2764 146 2829 tur,
161 2764 316 2831 umquam
331 2774 392 2817 non
412 2774 519 2817 omne
541 2759 657 2817 latum
677 2757 722 2814 ad
745 2755 914 2815 eumdem
934 2755 1063 2813 termi-

89 2855 173 2899 num
194 2841 334 2900 veniat.
377 2841 443 2900 Hoc
461 2842 553 2901 habet
567 2843 644 2900 inter
659 2846 761 2898 cetera
774 2837 904 2898 iustitiae
920 2853 994 2897 suae
1012 2854 1064 2896 na-

88 2930 155 2983 tura
166 2925 380 2999 praecipuum,
398 2926 480 3000 quod
492 2942 559 2985 oum
573 2925 610 2982 ad
624 2923 737 2984 exitum
750 2928 870 2980 ventum
884 2928 940 2992 est,
957 2937 1064 2980 omnes

88 3008 118 3066 iu
137 3020 240 3082 aequo
262 3023 378 3067 sumus.
420 3009 496 3067 Nihil
517 3011 619 3083 itaque
640 3007 765 3065 interest
788 3013 887 3064 utrum
914 3020 962 3064 me
986 3004 1094 3080 lapis9

89 3106 170 3151 unus
188 3090 282 3151 elidat
302 3108 340 3152 an
362 3100 464 3152 monte
485 3099 547 3152 toto
570 3106 703 3165 premar,
725 3096 824 3148 utrum
839 3104 934 3162 super
947 3105 995 3147 me
1010 3090 1063 3148 do-

88 3188 158 3235 mus
172 3175 264 3235 unius
279 3192 356 3236 onus
373 3177 473 3235 veniat
487 3183 517 3236 et
533 3176 590 3234 sub
606 3175 717 3246 exiguo
733 3173 799 3233 eius
816 3175 930 3231 tumulo
947 3187 981 3230 ao
997 3173 1063 3245 pnl-

90 3272 163 3318 vere
176 3257 347 3334 exspirem,
371 3275 409 3318 an
425 3267 506 3320 totus
523 3266 613 3334 eaput
627 3273 728 3316 meum
739 3263 887 3315 terrarum
899 3256 980 3315 orbis
993 3255 1062 3312 abs·

91 3340 218 3417 condat,
240 3342 271 3402 in
293 3344 361 3402 luee
381 3343 509 3402 huneet
529 3342 682 3416 inaperta
703 3342 841 3415 spiritum
863 3339 1002 3409 reddam,
1025 3352 1062 3394 an

90 3422 121 3485 in
141 3432 230 3487 vaslo
250 3434 398 3487 terrarum
414 3427 633 3486 dehiscentium
650 3426 733 3499 sinu,
757 3425 842 3484 solus
858 3424 887 3481 in
903 3422 976 3480 illud
991 3435 1061 3492 pro-

90 3508 232 3585 ltmdum,
251 3526 291 3571 an
313 3526 381 3570 eum
403 3527 512 3585 magno
531 3511 675 3570 comitatu
689 3510 873 3584 populorum
889 3502 1058 3565 concaden-
