2364 3840
276 178 326 239 DE
347 176 560 239 BENEFlCllS
580 178 652 238 LlB.
670 180 722 239 vl.
745 189 878 242 31—33.
1004 178 1064 243 tal

86 332 186 394 Asiae
206 329 373 403 civitatem,
395 345 486 390 curru
507 338 612 390 vectus
629 331 754 390 intraret
767 337 882 390 rectam
897 333 996 406 capite
1011 333 1064 394 tia·

87 432 155 476 ram
169 428 291 490 gerens.
313 414 344 474 id
359 413 434 474 solis
450 415 553 473 datum
568 414 703 487 regibus.
734 413 851 488 Dignus
866 414 963 476 luerat
977 431 1064 488 prae·

87 502 168 571 mio,
196 504 359 572 anoequam
383 505 516 572 peteret:
544 497 600 556 sed
623 514 713 571 quam
735 497 916 558 miserabilis
937 513 1014 573 gens
1035 501 1066 558 in

89 597 153 660 qua
165 595 256 642 nemo
271 581 351 655 luit,
365 581 417 656 qui
434 596 541 640 verum
554 581 669 640 diceret
679 581 758 655 regi,
774 581 833 641 nisi
845 582 898 656 qui
910 598 972 642 non
984 583 1067 641 dice-

87 669 142 728 bat
157 665 231 725 sibit

153 748 272 810 XXXII.
294 739 392 808 Divus
406 750 565 822 Augustus
577 748 668 806 illlam
680 750 759 808 ultra
769 749 965 823 inpudicitiae
976 751 1090 808 male-t

88 835 204 895 dictum
224 831 400 906 inpudicam
423 830 570 906 relegavit
589 839 619 890 et
633 830 748 906 flagitia
763 832 940 908 principalis
957 834 1066 893 domus

87 919 121 978 in
133 915 291 993 publicum
304 915 417 974 emisit:
440 914 595 977 admissos
609 917 756 989 gregatim
771 917 943 990 adulteros,
963 933 1067 992 percr-

88 1008 187 1062 ratam
202 998 360 1059 nocturnis
374 999 650 1058 comessationibus
662 999 827 1070 civitatem,
850 1002 949 1060 lorum
967 1002 1067 1075 ipsum

89 1100 127 1145 ac
148 1091 264 1152 rostra,
289 1098 327 1142 ex
351 1083 463 1156 quibus
485 1089 573 1156 pater
592 1083 691 1156 legem
712 1083 752 1141 de
771 1084 928 1144 adulteriis
948 1085 1067 1157 tulerat,

89 1169 172 1229 filiae
192 1167 223 1225 in
246 1174 352 1240 stupra
374 1166 543 1240 placuisse,
567 1164 751 1225 cotidianum
767 1166 805 1223 ad
822 1166 979 1243 Marsyam
995 1183 1066 1229 con—

89 1266 230 1323 cursum,
253 1266 322 1310 cum
339 1266 378 1309 ex
393 1250 532 1309 adultera
549 1249 578 1306 in
595 1249 820 1323 quaestuariam
835 1265 928 1309 versa
940 1250 988 1309 ius
1004 1267 1067 1310 onr—

88 1337 138 1396 nis
159 1334 299 1394 licentiae
320 1334 378 1394 sub
394 1335 498 1408 ignoto
512 1333 650 1392 adultero
667 1339 795 1408 peteret.
830 1331 914 1392 Haec
928 1341 989 1392 tam
1004 1333 1096 1391 vin-i

90 1418 224 1480 dicanda
239 1417 368 1492 principi
385 1433 475 1492 quam
490 1417 636 1490 tacenda,
661 1417 732 1492 quia
748 1417 949 1492 quarumdam
966 1433 1067 1476 rerum

88 1501 247 1577 turpitudo
264 1502 352 1562 etiam
368 1502 408 1560 ad
423 1501 624 1560 vindicantem
641 1501 733 1574 redit,
757 1517 863 1576 parum
879 1507 989 1575 potens
1004 1499 1068 1559 irae

89 1586 310 1662 publicaverat.
338 1584 449 1644 deinde
470 1600 538 1644 cunr
559 1585 739 1659 interposito
761 1593 901 1659 tempore
921 1585 1067 1645 inlocum

90 1671 154 1732 irae
170 1668 306 1729 subisset
320 1669 518 1742 verecundia,
541 1684 682 1742 gemens,
706 1669 790 1742 quod
804 1686 866 1729 non
881 1669 933 1730 illa
948 1669 1067 1730 silentio

90 1751 261 1831 pressisset
282 1768 361 1827 quae
382 1753 493 1811 tamdiu
513 1753 678 1824 nescierat,
702 1754 801 1812 donee
816 1754 900 1828 loqui
915 1761 1004 1828 turpe
1019 1768 1067 1814 es-

91 1844 154 1910 sel,
177 1850 274 1911 saepe
299 1836 498 1896 exclamavit:
530 1837 635 1896 borum
658 1837 732 1895 mibi
754 1838 830 1896 nibil
848 1839 1017 1910 caecasset,
1043 1841 1071 1897 si

90 1927 144 1983 utet
157 1919 294 1996 Agrippa
310 1928 363 1980 out
375 1920 538 1981 Maecenas
551 1922 687 1979 viseret:
708 1920 786 1979 adeo
799 1926 843 1979 tot
853 1919 976 1979 habenti
987 1920 1069 1978 milia

89 2004 248 2066 homiuum
263 2004 343 2064 duos
357 2019 503 2078 reparare
520 2002 645 2062 dillicile
663 2010 718 2062 est.
756 2003 872 2062 Caesae
889 2008 960 2062 sunt
975 2001 1097 2076 legio-3

89 2103 146 2148 nes
169 2094 199 2147 et
218 2088 356 2162 protinus
379 2088 521 2162 scriptae.
555 2089 650 2146 tracta
670 2086 780 2146 classis
802 2092 832 2146 at
852 2087 930 2147 intra
950 2078 1068 2161 pa⁸ucos

91 2172 158 2232 dies
173 2171 288 2231 natavit
302 2187 390 2231 nova.
419 2169 568 2231 saevitum
584 2169 675 2229 estin
692 2186 786 2245 opera
801 2170 923 2246 publica
938 2170 1068 2245 ignibus,

90 2262 292 2317 smnexerunt
315 2254 441 2314 meliora
462 2252 668 2328 consumptis:
697 2263 760 2315 tota
781 2255 843 2314 vita
861 2255 1020 2331 Agrippae
1040 2262 1070 2314 et

88 2337 279 2399 Maecenatis
300 2337 421 2398 vacavit
441 2339 538 2399 locus.
574 2337 673 2411 Quidt
702 2346 805 2413 putem
827 2339 965 2399 defuisse
987 2337 1068 2398 simi-

89 2425 153 2493 les,
178 2422 230 2496 qui
245 2423 494 2494 adsumerentur,
517 2437 554 2480 an
569 2423 668 2495 ipsius
685 2423 788 2483 vitium
803 2421 914 2495 luisse,
938 2424 990 2496 qui
1006 2437 1069 2480 ma-

89 2505 146 2566 luit
170 2504 258 2579 queri
279 2521 371 2580 quam
392 2512 565 2579 quaereret
597 2506 664 2565 Non
686 2506 837 2578 estquod
860 2505 1098 2564 existimemusl

88 2588 260 2663 Agrippam
282 2596 312 2647 et
332 2589 538 2649 Maecenatem
560 2590 668 2650 solitos
688 2588 730 2647 illi
746 2603 819 2646 vera
833 2586 950 2646 dicerer
975 2587 1026 2660 qui
1043 2585 1069 2643 sl

88 2672 258 2745 vixissent,
283 2672 360 2732 inter
382 2671 609 2732 dissimulantes
630 2673 769 2732 luissent.
809 2669 933 2744 Regalis
958 2667 1069 2743 ingenii

89 2771 161 2815 mos
181 2763 230 2816 est
250 2756 280 2815 in
303 2757 509 2830 praesentium
532 2755 744 2817 contumeliam
764 2753 879 2813 amissa
899 2753 1024 2813 laudare
1041 2760 1071 2812 et

89 2839 139 2898 his
161 2838 302 2899 virtutem
325 2839 399 2899 dare
420 2855 493 2898 vera
515 2839 650 2912 dicendi,
680 2856 698 2898 a
720 2839 832 2914 quibus
851 2838 911 2897 iarn
926 2835 1071 2897 audiendi

91 2921 261 2998 periculum
277 2939 339 2984 non
355 2929 411 2983 est.

155 3005 288 3066 XXXllI.
318 3005 380 3066 Sed
401 3013 434 3066 ut
455 3022 503 3066 me
524 3007 563 3065 ad
585 3006 774 3081 propositum
791 3006 952 3076 reducam,
973 3003 1099 3076 vides,l

91 3104 186 3164 quam
208 3090 296 3149 lacile
309 3091 349 3150 sit
363 3091 491 3164 gratiam
505 3090 620 3149 referre
635 3089 774 3150 felicibus
789 3097 820 3149 et
835 3089 864 3148 in
879 3104 999 3148 'summo
1014 3086 1070 3145 hu-

90 3188 251 3233 manarum
266 3189 360 3248 opum
376 3173 497 3247 positis.
519 3172 587 3233 ‚Dic
599 3173 657 3231 illis
669 3189 730 3232 nou
744 3173 829 3247 quod
841 3174 944 3232 volunt
956 3168 1071 3240 audire,

90 3256 149 3316 sed
166 3256 252 3331 quod
272 3257 399 3316 audisse
415 3272 538 3331 semper
551 3255 665 3315 volent.
693 3257 801 3330 plenas
816 3271 908 3315 aures
924 3253 1071 3312 adulatio·

92 3339 186 3400 nibus
195 3338 364 3414 aliquando
376 3354 448 3398 vera
460 3357 521 3400 vox
532 3340 630 3398 intret.
647 3340 687 3398 da
698 3337 858 3399 consilium
869 3338 950 3398 utile.
976 3335 1102 3408 Quae-a

89 3423 151 3498 ris,
176 3423 250 3498 quid
266 3423 345 3482 lelici
362 3431 519 3496 praestare
535 3422 662 3496 possisa
689 3421 780 3483 effice
796 3435 836 3481 ne
851 3417 985 3481 felicitati
997 3426 1074 3477 suae
