<?xml version="1.0" encoding="UTF-8"?>
<!DOCTYPE html PUBLIC "-//W3C//DTD XHTML 1.0 Transitional//EN"
    "http://www.w3.org/TR/xhtml1/DTD/xhtml1-transitional.dtd">
<html xmlns="http://www.w3.org/1999/xhtml" xml:lang="en" lang="en">
 <head>
  <title>
</title>
<meta http-equiv="Content-Type" content="text/html;charset=utf-8" />
  <meta name='ocr-system' content='tesseract 3.04.00' />
  <meta name='ocr-capabilities' content='ocr_page ocr_carea ocr_par ocr_line ocrx_word'/>
</head>
<body>
  <div class='ocr_page' id='page_1' title='image "./lannaeisenecaeo01senegoog_0338.png"; bbox 0 0 2364 3840; ppageno 0'>
   <div class='ocr_carea' id='block_1_1' title="bbox 216 181 1033 269">
    <p class='ocr_par' dir='ltr' id='par_1_1' title="bbox 216 181 1033 269">
     <span class='ocr_line' id='line_1_1' title="bbox 216 181 1033 269; baseline 0.004 -13"><span class='ocrx_word' id='word_1_1' title='bbox 216 196 357 257; x_wconf 80' lang='lat' dir='ltr'>unrun.</span> <span class='ocrx_word' id='word_1_2' title='bbox 374 181 535 269; x_wconf 79' lang='lat' dir='ltr'>oundsr.</span> <span class='ocrx_word' id='word_1_3' title='bbox 558 194 630 254; x_wconf 81' lang='lat' dir='ltr'>tre.</span> <span class='ocrx_word' id='word_1_4' title='bbox 645 195 710 254; x_wconf 83' lang='lat' dir='ltr'>vu.</span> <span class='ocrx_word' id='word_1_5' title='bbox 734 203 865 258; x_wconf 80' lang='lat' dir='ltr'>1r—n.</span> <span class='ocrx_word' id='word_1_6' title='bbox 971 196 1033 259; x_wconf 80' lang='lat'>305</span> 
     </span>
    </p>
   </div>
   <div class='ocr_carea' id='block_1_2' title="bbox 54 342 1062 3575">
    <p class='ocr_par' dir='ltr' id='par_1_2' title="bbox 55 342 1062 2341">
     <span class='ocr_line' id='line_1_2' title="bbox 56 342 1033 420; baseline -0.002 -10"><span class='ocrx_word' id='word_1_7' title='bbox 56 354 153 410; x_wconf 89' lang='lat' dir='ltr'>larum</span> <span class='ocrx_word' id='word_1_8' title='bbox 166 353 318 408; x_wconf 89' lang='lat' dir='ltr'>conventu</span> <span class='ocrx_word' id='word_1_9' title='bbox 329 346 534 420; x_wconf 77' lang='lat' dir='ltr'>gignerentur.</span> <span class='ocrx_word' id='word_1_10' title='bbox 554 345 623 403; x_wconf 90' lang='lat' dir='ltr'>illae</span> <span class='ocrx_word' id='word_1_11' title='bbox 634 342 715 403; x_wconf 91' lang='lat' dir='ltr'>enim</span> <span class='ocrx_word' id='word_1_12' title='bbox 729 345 779 403; x_wconf 93' lang='lat' dir='ltr'>diu</span> <span class='ocrx_word' id='word_1_13' title='bbox 793 345 958 406; x_wconf 88' lang='lat' dir='ltr'>cohaerere</span> <span class='ocrx_word' id='word_1_14' title='bbox 971 364 1033 408; x_wconf 90' lang='lat' dir='ltr'>non</span> 
     </span>
     <span class='ocr_line' id='line_1_3' title="bbox 58 428 1031 510; baseline -0.001 -16"><span class='ocrx_word' id='word_1_15' title='bbox 58 439 190 510; x_wconf 80' lang='lat' dir='ltr'><strong>possunt</strong></span> <span class='ocrx_word' id='word_1_16' title='bbox 211 438 241 490; x_wconf 91' lang='lat' dir='ltr'>et</span> <span class='ocrx_word' id='word_1_17' title='bbox 262 444 392 489; x_wconf 88' lang='lat' dir='ltr'>necesse</span> <span class='ocrx_word' id='word_1_18' title='bbox 413 436 461 488; x_wconf 90' lang='lat' dir='ltr'>est</span> <span class='ocrx_word' id='word_1_19' title='bbox 480 428 547 487; x_wconf 92' lang='lat' dir='ltr'>illas</span> <span class='ocrx_word' id='word_1_20' title='bbox 563 428 614 486; x_wconf 87' lang='lat' dir='ltr'>lex</span> <span class='ocrx_word' id='word_1_21' title='bbox 630 428 791 488; x_wconf 84' lang='lat' dir='ltr'>coleritatis</span> <span class='ocrx_word' id='word_1_22' title='bbox 807 444 881 488; x_wconf 90' lang='lat' dir='ltr'>suae</span> <span class='ocrx_word' id='word_1_23' title='bbox 899 438 1031 505; x_wconf 83' lang='lat' dir='ltr'>separet.</span> 
     </span>
     <span class='ocr_line' id='line_1_4' title="bbox 56 511 1061 576; baseline -0.001 0"><span class='ocrx_word' id='word_1_24' title='bbox 56 518 217 576; x_wconf 86' lang='lat' dir='ltr'>Praeterea</span> <span class='ocrx_word' id='word_1_25' title='bbox 238 512 297 573; x_wconf 89' lang='lat' dir='ltr'>ista</span> <span class='ocrx_word' id='word_1_26' title='bbox 319 512 408 573; x_wconf 88' lang='lat' dir='ltr'>nobis</span> <span class='ocrx_word' id='word_1_27' title='bbox 427 511 527 570; x_wconf 91' lang='lat' dir='ltr'>vicina</span> <span class='ocrx_word' id='word_1_28' title='bbox 542 512 696 571; x_wconf 74' lang='lat' dir='ltr'>videntum</span> <span class='ocrx_word' id='word_1_29' title='bbox 719 520 852 573; x_wconf 87' lang='lat' dir='ltr'>ceterum</span> <span class='ocrx_word' id='word_1_30' title='bbox 867 513 1061 576; x_wconf 73' lang='lat' dir='ltr'>intervalliso</span> 
     </span>
     <span class='ocr_line' id='line_1_5' title="bbox 57 595 1033 674; baseline 0 -15"><span class='ocrx_word' id='word_1_31' title='bbox 57 599 230 674; x_wconf 72' lang='lat' dir='ltr'>ingentibus</span> <span class='ocrx_word' id='word_1_32' title='bbox 252 595 411 656; x_wconf 76' lang='lat' dir='ltr'>dissident.</span> <span class='ocrx_word' id='word_1_33' title='bbox 445 596 600 669; x_wconf 88' lang='lat' dir='ltr'>quomodo</span> <span class='ocrx_word' id='word_1_34' title='bbox 623 611 696 670; x_wconf 89' lang='lat' dir='ltr'>ergo</span> <span class='ocrx_word' id='word_1_35' title='bbox 719 604 820 669; x_wconf 89' lang='lat' dir='ltr'>potest</span> <span class='ocrx_word' id='word_1_36' title='bbox 834 597 928 656; x_wconf 86' lang='lat' dir='ltr'>altera</span> <span class='ocrx_word' id='word_1_37' title='bbox 946 599 1033 659; x_wconf 84' lang='lat' dir='ltr'>stella</span> 
     </span>
     <span class='ocr_line' id='line_1_6' title="bbox 56 679 1034 758; baseline -0.003 -14"><span class='ocrx_word' id='word_1_38' title='bbox 56 699 157 758; x_wconf 87' lang='lat' dir='ltr'>usque</span> <span class='ocrx_word' id='word_1_39' title='bbox 178 682 216 742; x_wconf 87' lang='lat' dir='ltr'>ad</span> <span class='ocrx_word' id='word_1_40' title='bbox 237 681 361 740; x_wconf 88' lang='lat' dir='ltr'>alteram</span> <span class='ocrx_word' id='word_1_41' title='bbox 382 679 482 754; x_wconf 84' lang='lat' dir='ltr'>ignem</span> <span class='ocrx_word' id='word_1_42' title='bbox 506 679 638 751; x_wconf 87' lang='lat' dir='ltr'>mittere,</span> <span class='ocrx_word' id='word_1_43' title='bbox 667 679 761 739; x_wconf 89' lang='lat' dir='ltr'>itaut</span> <span class='ocrx_word' id='word_1_44' title='bbox 782 687 911 755; x_wconf 85' lang='lat' dir='ltr'>utraque</span> <span class='ocrx_word' id='word_1_45' title='bbox 932 683 1034 744; x_wconf 87' lang='lat' dir='ltr'>iuncta</span> 
     </span>
     <span class='ocr_line' id='line_1_7' title="bbox 56 762 1061 840; baseline 0.002 -15"><span class='ocrx_word' id='word_1_46' title='bbox 56 769 204 835; x_wconf 75' lang='lat' dir='ltr'>uideatur,</span> <span class='ocrx_word' id='word_1_47' title='bbox 226 780 294 823; x_wconf 88' lang='lat' dir='ltr'>eum</span> <span class='ocrx_word' id='word_1_48' title='bbox 311 764 371 823; x_wconf 90' lang='lat' dir='ltr'>sint</span> <span class='ocrx_word' id='word_1_49' title='bbox 385 763 498 839; x_wconf 87' lang='lat' dir='ltr'>ingenti</span> <span class='ocrx_word' id='word_1_50' title='bbox 513 763 639 836; x_wconf 82' lang='lat' dir='ltr'>regione</span> <span class='ocrx_word' id='word_1_51' title='bbox 651 762 814 822; x_wconf 69' lang='lat' dir='ltr'>diductae?</span> <span class='ocrx_word' id='word_1_52' title='bbox 841 763 1061 840; x_wconf 78' lang='lat' dir='ltr'>„Stellarumd</span> 
     </span>
     <span class='ocr_line' id='line_1_8' title="bbox 56 847 1033 924; baseline -0.006 -14"><span class='ocrx_word' id='word_1_53' title='bbox 56 850 168 924; x_wconf 84' lang='lat' dir='ltr'>inquit,</span> <span class='ocrx_word' id='word_1_54' title='bbox 186 849 313 907; x_wconf 91' lang='lat' dir='ltr'>duarum</span> <span class='ocrx_word' id='word_1_55' title='bbox 329 848 428 905; x_wconf 89' lang='lat' dir='ltr'>lunren</span> <span class='ocrx_word' id='word_1_56' title='bbox 444 847 590 905; x_wconf 90' lang='lat' dir='ltr'>miscetur</span> <span class='ocrx_word' id='word_1_57' title='bbox 601 853 630 905; x_wconf 92' lang='lat' dir='ltr'>et</span> <span class='ocrx_word' id='word_1_58' title='bbox 643 847 769 919; x_wconf 86' lang='lat' dir='ltr'>praebet</span> <span class='ocrx_word' id='word_1_59' title='bbox 779 847 870 908; x_wconf 89' lang='lat' dir='ltr'>unius</span> <span class='ocrx_word' id='word_1_60' title='bbox 881 849 1033 923; x_wconf 76' lang='lat' dir='ltr'>speciem:</span> 
     </span>
     <span class='ocr_line' id='line_1_9' title="bbox 57 928 1033 1007; baseline -0.002 -14"><span class='ocrx_word' id='word_1_61' title='bbox 57 947 168 1007; x_wconf 80' lang='lat' dir='ltr'>nempe</span> <span class='ocrx_word' id='word_1_62' title='bbox 187 931 248 1003; x_wconf 88' lang='lat' dir='ltr'>sic,</span> <span class='ocrx_word' id='word_1_63' title='bbox 272 929 529 1005; x_wconf 86' lang='lat' dir='ltr'>quemadmodum</span> <span class='ocrx_word' id='word_1_64' title='bbox 549 928 719 989; x_wconf 89' lang='lat' dir='ltr'>rubicunda</span> <span class='ocrx_word' id='word_1_65' title='bbox 735 929 770 991; x_wconf 88' lang='lat' dir='ltr'>fit</span> <span class='ocrx_word' id='word_1_66' title='bbox 785 929 883 992; x_wconf 88' lang='lat' dir='ltr'>nubes</span> <span class='ocrx_word' id='word_1_67' title='bbox 899 933 973 992; x_wconf 91' lang='lat' dir='ltr'>solis</span> <span class='ocrx_word' id='word_1_68' title='bbox 989 933 1033 991; x_wconf 93' lang='lat' dir='ltr'>in-</span> 
     </span>
     <span class='ocr_line' id='line_1_10' title="bbox 57 1013 1034 1091; baseline 0 -15"><span class='ocrx_word' id='word_1_69' title='bbox 57 1033 161 1087; x_wconf 86' lang='lat' dir='ltr'>cursu,</span> <span class='ocrx_word' id='word_1_70' title='bbox 178 1013 435 1087; x_wconf 85' lang='lat' dir='ltr'>quemadmodum</span> <span class='ocrx_word' id='word_1_71' title='bbox 446 1013 621 1086; x_wconf 89' lang='lat' dir='ltr'>vespertina</span> <span class='ocrx_word' id='word_1_72' title='bbox 633 1019 685 1072; x_wconf 88' lang='lat' dir='ltr'>aul</span> <span class='ocrx_word' id='word_1_73' title='bbox 696 1014 841 1074; x_wconf 86' lang='lat' dir='ltr'>matutina</span> <span class='ocrx_word' id='word_1_74' title='bbox 853 1013 1034 1091; x_wconf 85' lang='lat' dir='ltr'>flavescunt,</span> 
     </span>
     <span class='ocr_line' id='line_1_11' title="bbox 58 1096 1061 1175; baseline 0.002 -15"><span class='ocrx_word' id='word_1_75' title='bbox 58 1098 316 1175; x_wconf 82' lang='lat' dir='ltr'>quemadmodum</span> <span class='ocrx_word' id='word_1_76' title='bbox 338 1112 443 1169; x_wconf 85' lang='lat' dir='ltr'>arcus,</span> <span class='ocrx_word' id='word_1_77' title='bbox 467 1097 577 1155; x_wconf 76' lang='lat' dir='ltr'>alterve</span> <span class='ocrx_word' id='word_1_78' title='bbox 593 1097 641 1155; x_wconf 93' lang='lat' dir='ltr'>sol</span> <span class='ocrx_word' id='word_1_79' title='bbox 658 1096 796 1155; x_wconf 87' lang='lat' dir='ltr'>visitur.“</span> <span class='ocrx_word' id='word_1_80' title='bbox 832 1099 916 1158; x_wconf 89' lang='lat' dir='ltr'>Haec</span> <span class='ocrx_word' id='word_1_81' title='bbox 931 1100 1061 1162; x_wconf 85' lang='lat' dir='ltr'>omnial</span> 
     </span>
     <span class='ocr_line' id='line_1_12' title="bbox 57 1179 1033 1258; baseline 0.004 -17"><span class='ocrx_word' id='word_1_82' title='bbox 57 1184 188 1258; x_wconf 90' lang='lat' dir='ltr'>primum</span> <span class='ocrx_word' id='word_1_83' title='bbox 204 1197 312 1256; x_wconf 86' lang='lat' dir='ltr'>magna</span> <span class='ocrx_word' id='word_1_84' title='bbox 329 1180 359 1240; x_wconf 89' lang='lat' dir='ltr'>vi</span> <span class='ocrx_word' id='word_1_85' title='bbox 374 1181 559 1240; x_wconf 77' lang='lat' dir='ltr'>efficiuntur:</span> <span class='ocrx_word' id='word_1_86' title='bbox 580 1181 627 1239; x_wconf 94' lang='lat' dir='ltr'>sol</span> <span class='ocrx_word' id='word_1_87' title='bbox 642 1179 798 1252; x_wconf 77' lang='lat' dir='ltr'>animost,</span> <span class='ocrx_word' id='word_1_88' title='bbox 824 1182 876 1255; x_wconf 87' lang='lat' dir='ltr'>qui</span> <span class='ocrx_word' id='word_1_89' title='bbox 891 1180 949 1241; x_wconf 87' lang='lat' dir='ltr'>ista</span> <span class='ocrx_word' id='word_1_90' title='bbox 965 1200 1033 1245; x_wconf 90' lang='lat' dir='ltr'>suc-</span> 
     </span>
     <span class='ocr_line' id='line_1_13' title="bbox 58 1263 1033 1337; baseline -0.002 -11"><span class='ocrx_word' id='word_1_91' title='bbox 58 1266 170 1326; x_wconf 89' lang='lat' dir='ltr'>cendit.</span> <span class='ocrx_word' id='word_1_92' title='bbox 200 1266 355 1325; x_wconf 84' lang='lat' dir='ltr'>stellarum</span> <span class='ocrx_word' id='word_1_93' title='bbox 374 1280 435 1324; x_wconf 95' lang='lat' dir='ltr'>non</span> <span class='ocrx_word' id='word_1_94' title='bbox 457 1271 504 1324; x_wconf 92' lang='lat' dir='ltr'>est</span> <span class='ocrx_word' id='word_1_95' title='bbox 525 1263 632 1323; x_wconf 89' lang='lat' dir='ltr'>eadem</span> <span class='ocrx_word' id='word_1_96' title='bbox 648 1263 791 1337; x_wconf 88' lang='lat' dir='ltr'>potentin.</span> <span class='ocrx_word' id='word_1_97' title='bbox 828 1263 946 1324; x_wconf 85' lang='lat' dir='ltr'>Deinde</span> <span class='ocrx_word' id='word_1_98' title='bbox 961 1266 1033 1326; x_wconf 87' lang='lat' dir='ltr'>nihil</span> 
     </span>
     <span class='ocr_line' id='line_1_14' title="bbox 56 1347 1033 1410; baseline -0.001 0"><span class='ocrx_word' id='word_1_99' title='bbox 56 1351 167 1410; x_wconf 92' lang='lat' dir='ltr'>horum</span> <span class='ocrx_word' id='word_1_100' title='bbox 186 1349 244 1407; x_wconf 91' lang='lat' dir='ltr'>nisi</span> <span class='ocrx_word' id='word_1_101' title='bbox 266 1349 343 1407; x_wconf 82' lang='lat' dir='ltr'>inira</span> <span class='ocrx_word' id='word_1_102' title='bbox 364 1350 466 1409; x_wconf 87' lang='lat' dir='ltr'>lunam</span> <span class='ocrx_word' id='word_1_103' title='bbox 481 1348 509 1407; x_wconf 91' lang='lat' dir='ltr'>in</span> <span class='ocrx_word' id='word_1_104' title='bbox 527 1355 673 1407; x_wconf 87' lang='lat' dir='ltr'>terrarum</span> <span class='ocrx_word' id='word_1_105' title='bbox 687 1347 797 1407; x_wconf 90' lang='lat' dir='ltr'>vicinia</span> <span class='ocrx_word' id='word_1_106' title='bbox 811 1348 962 1408; x_wconf 87' lang='lat' dir='ltr'>nascitur:</span> <span class='ocrx_word' id='word_1_107' title='bbox 984 1368 1033 1409; x_wconf 94' lang='lat' dir='ltr'>su-</span> 
     </span>
     <span class='ocr_line' id='line_1_15' title="bbox 58 1431 1062 1509; baseline 0.002 -16"><span class='ocrx_word' id='word_1_108' title='bbox 58 1434 181 1509; x_wconf 84' lang='lat' dir='ltr'>periora</span> <span class='ocrx_word' id='word_1_109' title='bbox 197 1448 273 1507; x_wconf 85' lang='lat' dir='ltr'>pura</span> <span class='ocrx_word' id='word_1_110' title='bbox 287 1440 316 1492; x_wconf 91' lang='lat' dir='ltr'>et</span> <span class='ocrx_word' id='word_1_111' title='bbox 331 1432 451 1493; x_wconf 88' lang='lat' dir='ltr'>sincera</span> <span class='ocrx_word' id='word_1_112' title='bbox 466 1438 537 1490; x_wconf 88' lang='lat' dir='ltr'>sunt</span> <span class='ocrx_word' id='word_1_113' title='bbox 552 1438 583 1490; x_wconf 91' lang='lat' dir='ltr'>et</span> <span class='ocrx_word' id='word_1_114' title='bbox 594 1431 706 1491; x_wconf 88' lang='lat' dir='ltr'>coloris</span> <span class='ocrx_word' id='word_1_115' title='bbox 719 1431 766 1491; x_wconf 93' lang='lat' dir='ltr'>sui</span> <span class='ocrx_word' id='word_1_116' title='bbox 779 1446 911 1505; x_wconf 89' lang='lat' dir='ltr'>semper.</span> <span class='ocrx_word' id='word_1_117' title='bbox 944 1434 1062 1495; x_wconf 85' lang='lat' dir='ltr'>Prae-8</span> 
     </span>
     <span class='ocr_line' id='line_1_16' title="bbox 57 1514 1034 1591; baseline -0.002 -12"><span class='ocrx_word' id='word_1_118' title='bbox 57 1526 143 1579; x_wconf 84' lang='lat' dir='ltr'>terea</span> <span class='ocrx_word' id='word_1_119' title='bbox 165 1517 191 1576; x_wconf 91' lang='lat' dir='ltr'>si</span> <span class='ocrx_word' id='word_1_120' title='bbox 214 1516 286 1589; x_wconf 88' lang='lat' dir='ltr'>quid</span> <span class='ocrx_word' id='word_1_121' title='bbox 313 1518 372 1576; x_wconf 90' lang='lat' dir='ltr'>tale</span> <span class='ocrx_word' id='word_1_122' title='bbox 394 1515 560 1587; x_wconf 88' lang='lat' dir='ltr'>accideret,</span> <span class='ocrx_word' id='word_1_123' title='bbox 589 1531 649 1575; x_wconf 92' lang='lat' dir='ltr'>non</span> <span class='ocrx_word' id='word_1_124' title='bbox 679 1514 804 1574; x_wconf 86' lang='lat' dir='ltr'>haberet</span> <span class='ocrx_word' id='word_1_125' title='bbox 823 1531 954 1591; x_wconf 91' lang='lat' dir='ltr'>moram,</span> <span class='ocrx_word' id='word_1_126' title='bbox 978 1518 1034 1577; x_wconf 85' lang='lat' dir='ltr'>sed</span> 
     </span>
     <span class='ocr_line' id='line_1_17' title="bbox 58 1598 1034 1674; baseline -0.002 -14"><span class='ocrx_word' id='word_1_127' title='bbox 58 1598 304 1674; x_wconf 87' lang='lat' dir='ltr'>exstingueretur</span> <span class='ocrx_word' id='word_1_128' title='bbox 320 1598 396 1669; x_wconf 91' lang='lat' dir='ltr'>cito,</span> <span class='ocrx_word' id='word_1_129' title='bbox 420 1599 499 1658; x_wconf 90' lang='lat' dir='ltr'>sicut</span> <span class='ocrx_word' id='word_1_130' title='bbox 513 1614 660 1672; x_wconf 88' lang='lat' dir='ltr'>coronae,</span> <span class='ocrx_word' id='word_1_131' title='bbox 686 1614 765 1672; x_wconf 88' lang='lat' dir='ltr'>quae</span> <span class='ocrx_word' id='word_1_132' title='bbox 781 1600 877 1659; x_wconf 92' lang='lat' dir='ltr'>solem</span> <span class='ocrx_word' id='word_1_133' title='bbox 892 1599 1034 1661; x_wconf 86' lang='lat' dir='ltr'>lunamve</span> 
     </span>
     <span class='ocr_line' id='line_1_18' title="bbox 58 1681 1034 1758; baseline 0.001 -15"><span class='ocrx_word' id='word_1_134' title='bbox 58 1685 198 1758; x_wconf 82' lang='lat' dir='ltr'>cingunt,</span> <span class='ocrx_word' id='word_1_135' title='bbox 220 1684 298 1742; x_wconf 86' lang='lat' dir='ltr'>intra</span> <span class='ocrx_word' id='word_1_136' title='bbox 309 1682 520 1742; x_wconf 87' lang='lat' dir='ltr'>brevissimum</span> <span class='ocrx_word' id='word_1_137' title='bbox 537 1681 667 1755; x_wconf 90' lang='lat' dir='ltr'>spatium</span> <span class='ocrx_word' id='word_1_138' title='bbox 680 1684 870 1742; x_wconf 90' lang='lat' dir='ltr'>exolescunt.</span> <span class='ocrx_word' id='word_1_139' title='bbox 892 1699 1034 1745; x_wconf 90' lang='lat' dir='ltr'>nearcus</span> 
     </span>
     <span class='ocr_line' id='line_1_19' title="bbox 57 1764 1034 1843; baseline 0 -16"><span class='ocrx_word' id='word_1_140' title='bbox 57 1767 182 1843; x_wconf 91' lang='lat' dir='ltr'>quidem</span> <span class='ocrx_word' id='word_1_141' title='bbox 205 1766 257 1826; x_wconf 92' lang='lat' dir='ltr'>diu</span> <span class='ocrx_word' id='word_1_142' title='bbox 278 1774 464 1840; x_wconf 82' lang='lat' dir='ltr'>perseverat.</span> <span class='ocrx_word' id='word_1_143' title='bbox 511 1764 543 1824; x_wconf 88' lang='lat' dir='ltr'>Si</span> <span class='ocrx_word' id='word_1_144' title='bbox 567 1764 638 1839; x_wconf 90' lang='lat' dir='ltr'>quid</span> <span class='ocrx_word' id='word_1_145' title='bbox 665 1774 749 1825; x_wconf 90' lang='lat' dir='ltr'>esset</span> <span class='ocrx_word' id='word_1_146' title='bbox 774 1766 834 1825; x_wconf 88' lang='lat' dir='ltr'>tale</span> <span class='ocrx_word' id='word_1_147' title='bbox 858 1767 936 1827; x_wconf 89' lang='lat' dir='ltr'>inter</span> <span class='ocrx_word' id='word_1_148' title='bbox 956 1769 1034 1829; x_wconf 83' lang='lat' dir='ltr'>duas</span> 
     </span>
     <span class='ocr_line' id='line_1_20' title="bbox 57 1848 1033 1925; baseline 0.001 -14"><span class='ocrx_word' id='word_1_149' title='bbox 57 1852 179 1921; x_wconf 87' lang='lat' dir='ltr'>stellas,</span> <span class='ocrx_word' id='word_1_150' title='bbox 204 1867 265 1925; x_wconf 89' lang='lat' dir='ltr'>quo</span> <span class='ocrx_word' id='word_1_151' title='bbox 286 1848 567 1923; x_wconf 86' lang='lat' dir='ltr'>medium-spatium</span> <span class='ocrx_word' id='word_1_152' title='bbox 584 1849 835 1923; x_wconf 82' lang='lat' dir='ltr'>contunderetur,</span> <span class='ocrx_word' id='word_1_153' title='bbox 859 1866 959 1924; x_wconf 86' lang='lat' dir='ltr'>aeque</span> <span class='ocrx_word' id='word_1_154' title='bbox 975 1853 1033 1912; x_wconf 91' lang='lat' dir='ltr'>cito</span> 
     </span>
     <span class='ocr_line' id='line_1_21' title="bbox 56 1933 1033 2008; baseline -0.002 -12"><span class='ocrx_word' id='word_1_155' title='bbox 56 1935 258 1996; x_wconf 84' lang='lat' dir='ltr'>dilaberetur:</span> <span class='ocrx_word' id='word_1_156' title='bbox 281 1933 385 2008; x_wconf 89' lang='lat' dir='ltr'>utique</span> <span class='ocrx_word' id='word_1_157' title='bbox 400 1949 460 1993; x_wconf 93' lang='lat' dir='ltr'>non</span> <span class='ocrx_word' id='word_1_158' title='bbox 478 1933 634 1993; x_wconf 89' lang='lat' dir='ltr'>intantum</span> <span class='ocrx_word' id='word_1_159' title='bbox 647 1940 796 2007; x_wconf 85' lang='lat' dir='ltr'>maneret,</span> <span class='ocrx_word' id='word_1_160' title='bbox 814 1941 958 2007; x_wconf 88' lang='lat' dir='ltr'>quantum</span> <span class='ocrx_word' id='word_1_161' title='bbox 970 1950 1033 1995; x_wconf 92' lang='lat' dir='ltr'>mo·</span> 
     </span>
     <span class='ocr_line' id='line_1_22' title="bbox 55 2014 1033 2094; baseline -0.001 -15"><span class='ocrx_word' id='word_1_162' title='bbox 55 2017 119 2079; x_wconf 89' lang='lat' dir='ltr'>rari</span> <span class='ocrx_word' id='word_1_163' title='bbox 141 2027 279 2078; x_wconf 87' lang='lat' dir='ltr'>cometae</span> <span class='ocrx_word' id='word_1_164' title='bbox 299 2018 407 2078; x_wconf 89' lang='lat' dir='ltr'>solent.</span> <span class='ocrx_word' id='word_1_165' title='bbox 447 2014 548 2077; x_wconf 89' lang='lat' dir='ltr'>Stellis</span> <span class='ocrx_word' id='word_1_166' title='bbox 569 2016 646 2076; x_wconf 90' lang='lat' dir='ltr'>intra</span> <span class='ocrx_word' id='word_1_167' title='bbox 662 2016 837 2091; x_wconf 79' lang='lat' dir='ltr'>signiferum</span> <span class='ocrx_word' id='word_1_168' title='bbox 853 2032 962 2078; x_wconf 90' lang='lat' dir='ltr'>cursus</span> <span class='ocrx_word' id='word_1_169' title='bbox 977 2026 1033 2094; x_wconf 80' lang='lat' dir='ltr'>est,</span> 
     </span>
     <span class='ocr_line' id='line_1_23' title="bbox 55 2101 1034 2179; baseline -0.002 -17"><span class='ocrx_word' id='word_1_170' title='bbox 55 2102 139 2162; x_wconf 88' lang='lat' dir='ltr'>hunc</span> <span class='ocrx_word' id='word_1_171' title='bbox 155 2107 296 2175; x_wconf 90' lang='lat' dir='ltr'>premunt</span> <span class='ocrx_word' id='word_1_172' title='bbox 310 2116 435 2179; x_wconf 84' lang='lat' dir='ltr'>gyrum:</span> <span class='ocrx_word' id='word_1_173' title='bbox 459 2108 489 2160; x_wconf 89' lang='lat' dir='ltr'>at</span> <span class='ocrx_word' id='word_1_174' title='bbox 504 2107 639 2160; x_wconf 83' lang='lat' dir='ltr'>cometae</span> <span class='ocrx_word' id='word_1_175' title='bbox 651 2101 765 2175; x_wconf 86' lang='lat' dir='ltr'>ubique</span> <span class='ocrx_word' id='word_1_176' title='bbox 777 2108 948 2166; x_wconf 87' lang='lat' dir='ltr'>cernuntur.</span> <span class='ocrx_word' id='word_1_177' title='bbox 971 2117 1034 2162; x_wconf 93' lang='lat' dir='ltr'>non</span> 
     </span>
     <span class='ocr_line' id='line_1_24' title="bbox 56 2182 1033 2259; baseline 0.001 -15"><span class='ocrx_word' id='word_1_178' title='bbox 56 2183 157 2259; x_wconf 86' lang='lat' dir='ltr'>magis</span> <span class='ocrx_word' id='word_1_179' title='bbox 173 2192 286 2244; x_wconf 90' lang='lat' dir='ltr'>certum</span> <span class='ocrx_word' id='word_1_180' title='bbox 302 2191 349 2243; x_wconf 91' lang='lat' dir='ltr'>est</span> <span class='ocrx_word' id='word_1_181' title='bbox 370 2182 429 2243; x_wconf 91' lang='lat' dir='ltr'>illis</span> <span class='ocrx_word' id='word_1_182' title='bbox 442 2190 577 2258; x_wconf 89' lang='lat' dir='ltr'>tempus,</span> <span class='ocrx_word' id='word_1_183' title='bbox 601 2200 662 2258; x_wconf 91' lang='lat' dir='ltr'>quo</span> <span class='ocrx_word' id='word_1_184' title='bbox 677 2185 860 2258; x_wconf 86' lang='lat' dir='ltr'>adpareant,</span> <span class='ocrx_word' id='word_1_185' title='bbox 884 2201 975 2259; x_wconf 84' lang='lat' dir='ltr'>quom</span> <span class='ocrx_word' id='word_1_186' title='bbox 989 2187 1033 2246; x_wconf 90' lang='lat' dir='ltr'>lo-</span> 
     </span>
     <span class='ocr_line' id='line_1_25' title="bbox 56 2268 643 2341; baseline -0.007 -12"><span class='ocrx_word' id='word_1_187' title='bbox 56 2284 113 2328; x_wconf 91' lang='lat' dir='ltr'>cus</span> <span class='ocrx_word' id='word_1_188' title='bbox 129 2268 225 2338; x_wconf 92' lang='lat' dir='ltr'>ullus,</span> <span class='ocrx_word' id='word_1_189' title='bbox 246 2268 324 2325; x_wconf 91' lang='lat' dir='ltr'>ultra</span> <span class='ocrx_word' id='word_1_190' title='bbox 340 2281 430 2341; x_wconf 86' lang='lat' dir='ltr'>quem</span> <span class='ocrx_word' id='word_1_191' title='bbox 446 2283 506 2326; x_wconf 92' lang='lat' dir='ltr'>non</span> <span class='ocrx_word' id='word_1_192' title='bbox 523 2273 643 2331; x_wconf 87' lang='lat' dir='ltr'>exeant.</span> 
     </span>
    </p>

    <p class='ocr_par' dir='ltr' id='par_1_3' title="bbox 54 2347 1062 3507">
     <span class='ocr_line' id='line_1_26' title="bbox 120 2347 1062 2417; baseline 0.002 -8"><span class='ocrx_word' id='word_1_193' title='bbox 120 2349 198 2409; x_wconf 92' lang='lat' dir='ltr'>Xlll.</span> <span class='ocrx_word' id='word_1_194' title='bbox 226 2350 429 2408; x_wconf 85' lang='lat' dir='ltr'>Adversus</span> <span class='ocrx_word' id='word_1_195' title='bbox 453 2349 547 2408; x_wconf 84' lang='lat' dir='ltr'>haec</span> <span class='ocrx_word' id='word_1_196' title='bbox 569 2347 613 2407; x_wconf 90' lang='lat' dir='ltr'>ab</span> <span class='ocrx_word' id='word_1_197' title='bbox 629 2350 874 2410; x_wconf 84' lang='lat' dir='ltr'>Artemidoro</span> <span class='ocrx_word' id='word_1_198' title='bbox 896 2351 963 2411; x_wconf 91' lang='lat' dir='ltr'>illa</span> <span class='ocrx_word' id='word_1_199' title='bbox 979 2352 1062 2417; x_wconf 87' lang='lat' dir='ltr'>‹ii-1</span> 
     </span>
     <span class='ocr_line' id='line_1_27' title="bbox 56 2431 1034 2507; baseline -0.001 -12"><span class='ocrx_word' id='word_1_200' title='bbox 56 2441 211 2495; x_wconf 86' lang='lat' dir='ltr'>cuntur:</span> <span class='ocrx_word' id='word_1_201' title='bbox 234 2448 294 2491; x_wconf 93' lang='lat' dir='ltr'>non</span> <span class='ocrx_word' id='word_1_202' title='bbox 309 2431 364 2490; x_wconf 85' lang='lat' dir='ltr'>lias</span> <span class='ocrx_word' id='word_1_203' title='bbox 379 2438 493 2490; x_wconf 92' lang='lat' dir='ltr'>tantum</span> <span class='ocrx_word' id='word_1_204' title='bbox 509 2433 613 2491; x_wconf 86' lang='lat' dir='ltr'>stellas</span> <span class='ocrx_word' id='word_1_205' title='bbox 626 2433 762 2507; x_wconf 89' lang='lat' dir='ltr'>quinque</span> <span class='ocrx_word' id='word_1_206' title='bbox 774 2431 960 2507; x_wconf 85' lang='lat' dir='ltr'>discurrere,</span> <span class='ocrx_word' id='word_1_207' title='bbox 977 2434 1034 2495; x_wconf 87' lang='lat' dir='ltr'>sed</span> 
     </span>
     <span class='ocr_line' id='line_1_28' title="bbox 55 2515 1034 2578; baseline 0 -2"><span class='ocrx_word' id='word_1_208' title='bbox 55 2517 115 2578; x_wconf 89' lang='lat' dir='ltr'>has</span> <span class='ocrx_word' id='word_1_209' title='bbox 139 2518 222 2576; x_wconf 88' lang='lat' dir='ltr'>solas</span> <span class='ocrx_word' id='word_1_210' title='bbox 242 2515 421 2575; x_wconf 87' lang='lat' dir='ltr'>observatas</span> <span class='ocrx_word' id='word_1_211' title='bbox 442 2529 530 2575; x_wconf 83' lang='lat' dir='ltr'>esse:</span> <span class='ocrx_word' id='word_1_212' title='bbox 560 2522 693 2576; x_wconf 87' lang='lat' dir='ltr'>ceterum</span> <span class='ocrx_word' id='word_1_213' title='bbox 710 2516 946 2577; x_wconf 89' lang='lat' dir='ltr'>innumerabiles</span> <span class='ocrx_word' id='word_1_214' title='bbox 963 2519 1034 2576; x_wconf 87' lang='lat' dir='ltr'>lerri</span> 
     </span>
     <span class='ocr_line' id='line_1_29' title="bbox 56 2599 1033 2676; baseline 0.001 -17"><span class='ocrx_word' id='word_1_215' title='bbox 56 2617 115 2676; x_wconf 88' lang='lat' dir='ltr'>per</span> <span class='ocrx_word' id='word_1_216' title='bbox 126 2601 276 2659; x_wconf 89' lang='lat' dir='ltr'>occultum</span> <span class='ocrx_word' id='word_1_217' title='bbox 290 2607 341 2658; x_wconf 85' lang='lat' dir='ltr'>aut</span> <span class='ocrx_word' id='word_1_218' title='bbox 352 2606 478 2674; x_wconf 89' lang='lat' dir='ltr'>propter</span> <span class='ocrx_word' id='word_1_219' title='bbox 487 2599 702 2660; x_wconf 85' lang='lat' dir='ltr'>obscuritatem</span> <span class='ocrx_word' id='word_1_220' title='bbox 714 2599 833 2659; x_wconf 93' lang='lat' dir='ltr'>luminis</span> <span class='ocrx_word' id='word_1_221' title='bbox 846 2600 935 2660; x_wconf 88' lang='lat' dir='ltr'>nobis</span> <span class='ocrx_word' id='word_1_222' title='bbox 948 2601 1033 2676; x_wconf 84' lang='lat' dir='ltr'>igno-</span> 
     </span>
     <span class='ocr_line' id='line_1_30' title="bbox 58 2683 1032 2758; baseline -0.003 -12"><span class='ocrx_word' id='word_1_223' title='bbox 58 2693 105 2746; x_wconf 84' lang='lat' dir='ltr'>tas</span> <span class='ocrx_word' id='word_1_224' title='bbox 121 2691 172 2742; x_wconf 88' lang='lat' dir='ltr'>aut</span> <span class='ocrx_word' id='word_1_225' title='bbox 186 2690 312 2757; x_wconf 88' lang='lat' dir='ltr'>propter</span> <span class='ocrx_word' id='word_1_226' title='bbox 328 2683 509 2743; x_wconf 90' lang='lat' dir='ltr'>circulorum</span> <span class='ocrx_word' id='word_1_227' title='bbox 524 2684 707 2758; x_wconf 90' lang='lat' dir='ltr'>positionem</span> <span class='ocrx_word' id='word_1_228' title='bbox 722 2683 826 2754; x_wconf 85' lang='lat' dir='ltr'>talem,</span> <span class='ocrx_word' id='word_1_229' title='bbox 849 2692 882 2744; x_wconf 90' lang='lat' dir='ltr'>ut</span> <span class='ocrx_word' id='word_1_230' title='bbox 897 2692 969 2745; x_wconf 87' lang='lat' dir='ltr'>tunc</span> <span class='ocrx_word' id='word_1_231' title='bbox 981 2685 1032 2743; x_wconf 92' lang='lat' dir='ltr'>de-</span> 
     </span>
     <span class='ocr_line' id='line_1_31' title="bbox 56 2766 1032 2843; baseline 0.002 -16"><span class='ocrx_word' id='word_1_232' title='bbox 56 2784 155 2839; x_wconf 92' lang='lat' dir='ltr'>mum,</span> <span class='ocrx_word' id='word_1_233' title='bbox 178 2782 247 2826; x_wconf 93' lang='lat' dir='ltr'>cum</span> <span class='ocrx_word' id='word_1_234' title='bbox 268 2768 305 2825; x_wconf 88' lang='lat' dir='ltr'>ad</span> <span class='ocrx_word' id='word_1_235' title='bbox 329 2774 463 2826; x_wconf 85' lang='lat' dir='ltr'>extrema</span> <span class='ocrx_word' id='word_1_236' title='bbox 484 2783 588 2826; x_wconf 93' lang='lat' dir='ltr'>eorum</span> <span class='ocrx_word' id='word_1_237' title='bbox 610 2782 738 2840; x_wconf 85' lang='lat' dir='ltr'>venere,</span> <span class='ocrx_word' id='word_1_238' title='bbox 759 2766 907 2826; x_wconf 88' lang='lat' dir='ltr'>visantur.</span> <span class='ocrx_word' id='word_1_239' title='bbox 938 2783 1032 2843; x_wconf 87' lang='lat' dir='ltr'>„ergo</span> 
     </span>
     <span class='ocr_line' id='line_1_32' title="bbox 56 2849 1034 2926; baseline 0.002 -16"><span class='ocrx_word' id='word_1_240' title='bbox 56 2853 260 2910; x_wconf 87' lang='lat' dir='ltr'>intercurrunt</span> <span class='ocrx_word' id='word_1_241' title='bbox 275 2851 425 2924; x_wconf 86' lang='lat' dir='ltr'>quaedam</span> <span class='ocrx_word' id='word_1_242' title='bbox 441 2851 560 2922; x_wconf 88' lang='lat' dir='ltr'>stellae,</span> <span class='ocrx_word' id='word_1_243' title='bbox 584 2857 616 2909; x_wconf 92' lang='lat' dir='ltr'>ut</span> <span class='ocrx_word' id='word_1_244' title='bbox 629 2851 685 2924; x_wconf 86' lang='lat' dir='ltr'>ait,</span> <span class='ocrx_word' id='word_1_245' title='bbox 709 2849 798 2911; x_wconf 91' lang='lat' dir='ltr'>nobis</span> <span class='ocrx_word' id='word_1_246' title='bbox 813 2867 927 2924; x_wconf 87' lang='lat' dir='ltr'>novae,</span> <span class='ocrx_word' id='word_1_247' title='bbox 954 2866 1034 2926; x_wconf 87' lang='lat' dir='ltr'>quae</span> 
     </span>
     <span class='ocr_line' id='line_1_33' title="bbox 56 2933 1032 3009; baseline 0.002 -15"><span class='ocrx_word' id='word_1_248' title='bbox 56 2936 158 2995; x_wconf 88' lang='lat' dir='ltr'>lumen</span> <span class='ocrx_word' id='word_1_249' title='bbox 175 2948 263 2992; x_wconf 92' lang='lat' dir='ltr'>suum</span> <span class='ocrx_word' id='word_1_250' title='bbox 279 2933 486 2992; x_wconf 85' lang='lat' dir='ltr'>constantibus</span> <span class='ocrx_word' id='word_1_251' title='bbox 502 2934 650 2992; x_wconf 85' lang='lat' dir='ltr'>misceant</span> <span class='ocrx_word' id='word_1_252' title='bbox 662 2941 691 2992; x_wconf 89' lang='lat' dir='ltr'>et</span> <span class='ocrx_word' id='word_1_253' title='bbox 702 2934 846 2993; x_wconf 90' lang='lat' dir='ltr'>maiorem</span> <span class='ocrx_word' id='word_1_254' title='bbox 861 2951 951 3009; x_wconf 89' lang='lat' dir='ltr'>quam</span> <span class='ocrx_word' id='word_1_255' title='bbox 963 2938 1032 2996; x_wconf 87' lang='lat' dir='ltr'>stel-</span> 
     </span>
     <span class='ocr_line' id='line_1_34' title="bbox 55 3016 1061 3093; baseline 0.003 -17"><span class='ocrx_word' id='word_1_256' title='bbox 55 3017 94 3076; x_wconf 90' lang='lat' dir='ltr'>lis</span> <span class='ocrx_word' id='word_1_257' title='bbox 116 3031 183 3075; x_wconf 93' lang='lat' dir='ltr'>mos</span> <span class='ocrx_word' id='word_1_258' title='bbox 206 3024 254 3076; x_wconf 87' lang='lat' dir='ltr'>est</span> <span class='ocrx_word' id='word_1_259' title='bbox 275 3017 430 3089; x_wconf 84' lang='lat' dir='ltr'>porrigant</span> <span class='ocrx_word' id='word_1_260' title='bbox 451 3016 584 3088; x_wconf 84' lang='lat' dir='ltr'>ignem.“</span> <span class='ocrx_word' id='word_1_261' title='bbox 622 3017 688 3075; x_wconf 89' lang='lat' dir='ltr'>Hoc</span> <span class='ocrx_word' id='word_1_262' title='bbox 710 3033 747 3075; x_wconf 84' lang='lat' dir='ltr'>ex</span> <span class='ocrx_word' id='word_1_263' title='bbox 769 3017 832 3091; x_wconf 90' lang='lat' dir='ltr'>his,</span> <span class='ocrx_word' id='word_1_264' title='bbox 857 3034 936 3093; x_wconf 89' lang='lat' dir='ltr'>quae</span> <span class='ocrx_word' id='word_1_265' title='bbox 951 3037 1061 3088; x_wconf 74' lang='lat' dir='ltr'>men—n</span> 
     </span>
     <span class='ocr_line' id='line_1_35' title="bbox 55 3097 1030 3169; baseline 0.002 -10"><span class='ocrx_word' id='word_1_266' title='bbox 55 3100 136 3169; x_wconf 84' lang='lat' dir='ltr'>titur,</span> <span class='ocrx_word' id='word_1_267' title='bbox 158 3098 346 3159; x_wconf 83' lang='lat' dir='ltr'>levissimum</span> <span class='ocrx_word' id='word_1_268' title='bbox 367 3107 428 3158; x_wconf 82' lang='lat' dir='ltr'>cst:</span> <span class='ocrx_word' id='word_1_269' title='bbox 451 3105 513 3158; x_wconf 84' lang='lat' dir='ltr'>tota</span> <span class='ocrx_word' id='word_1_270' title='bbox 534 3097 600 3157; x_wconf 85' lang='lat' dir='ltr'>cius</span> <span class='ocrx_word' id='word_1_271' title='bbox 622 3101 772 3160; x_wconf 86' lang='lat' dir='ltr'>enarratio</span> <span class='ocrx_word' id='word_1_272' title='bbox 789 3102 892 3161; x_wconf 94' lang='lat' dir='ltr'>mundi</span> <span class='ocrx_word' id='word_1_273' title='bbox 907 3104 1030 3161; x_wconf 88' lang='lat' dir='ltr'>menda-</span> 
     </span>
     <span class='ocr_line' id='line_1_36' title="bbox 56 3179 1031 3257; baseline 0.001 -15"><span class='ocrx_word' id='word_1_274' title='bbox 56 3182 136 3242; x_wconf 89' lang='lat' dir='ltr'>cium</span> <span class='ocrx_word' id='word_1_275' title='bbox 157 3180 310 3255; x_wconf 85' lang='lat' dir='ltr'>inpudens</span> <span class='ocrx_word' id='word_1_276' title='bbox 332 3189 387 3241; x_wconf 86' lang='lat' dir='ltr'>est.</span> <span class='ocrx_word' id='word_1_277' title='bbox 421 3198 488 3240; x_wconf 87' lang='lat' dir='ltr'>nam</span> <span class='ocrx_word' id='word_1_278' title='bbox 512 3181 537 3240; x_wconf 90' lang='lat' dir='ltr'>si</span> <span class='ocrx_word' id='word_1_279' title='bbox 558 3179 600 3239; x_wconf 91' lang='lat' dir='ltr'>illi</span> <span class='ocrx_word' id='word_1_280' title='bbox 621 3180 789 3257; x_wconf 88' lang='lat' dir='ltr'>credimus,</span> <span class='ocrx_word' id='word_1_281' title='bbox 816 3201 933 3245; x_wconf 92' lang='lat' dir='ltr'>summa</span> <span class='ocrx_word' id='word_1_282' title='bbox 954 3186 1031 3245; x_wconf 85' lang='lat' dir='ltr'>coeli</span> 
     </span>
     <span class='ocr_line' id='line_1_37' title="bbox 56 3263 1030 3339; baseline 0.003 -14"><span class='ocrx_word' id='word_1_283' title='bbox 56 3281 112 3326; x_wconf 89' lang='lat' dir='ltr'>ora</span> <span class='ocrx_word' id='word_1_284' title='bbox 135 3264 322 3325; x_wconf 88' lang='lat' dir='ltr'>solidissima</span> <span class='ocrx_word' id='word_1_285' title='bbox 343 3272 404 3339; x_wconf 83' lang='lat' dir='ltr'>est,</span> <span class='ocrx_word' id='word_1_286' title='bbox 428 3265 456 3323; x_wconf 92' lang='lat' dir='ltr'>in</span> <span class='ocrx_word' id='word_1_287' title='bbox 479 3263 601 3324; x_wconf 94' lang='lat' dir='ltr'>modum</span> <span class='ocrx_word' id='word_1_288' title='bbox 622 3266 691 3325; x_wconf 90' lang='lat' dir='ltr'>tecti</span> <span class='ocrx_word' id='word_1_289' title='bbox 713 3266 821 3326; x_wconf 88' lang='lat' dir='ltr'>durata</span> <span class='ocrx_word' id='word_1_290' title='bbox 836 3276 866 3327; x_wconf 90' lang='lat' dir='ltr'>et</span> <span class='ocrx_word' id='word_1_291' title='bbox 880 3267 930 3326; x_wconf 87' lang='lat' dir='ltr'>alti</span> <span class='ocrx_word' id='word_1_292' title='bbox 949 3283 1030 3328; x_wconf 91' lang='lat' dir='ltr'>cras-</span> 
     </span>
     <span class='ocr_line' id='line_1_38' title="bbox 56 3347 1030 3424; baseline 0 -14"><span class='ocrx_word' id='word_1_293' title='bbox 56 3349 148 3424; x_wconf 88' lang='lat' dir='ltr'>sique</span> <span class='ocrx_word' id='word_1_294' title='bbox 163 3350 319 3422; x_wconf 88' lang='lat' dir='ltr'>corporis,</span> <span class='ocrx_word' id='word_1_295' title='bbox 342 3349 425 3422; x_wconf 80' lang='lat' dir='ltr'>quod</span> <span class='ocrx_word' id='word_1_296' title='bbox 441 3347 531 3406; x_wconf 83' lang='lat' dir='ltr'>atomi</span> <span class='ocrx_word' id='word_1_297' title='bbox 547 3348 684 3422; x_wconf 84' lang='lat' dir='ltr'>congesti</span> <span class='ocrx_word' id='word_1_298' title='bbox 701 3351 934 3424; x_wconf 86' lang='lat' dir='ltr'>coacervatique</span> <span class='ocrx_word' id='word_1_299' title='bbox 951 3351 1030 3410; x_wconf 87' lang='lat' dir='ltr'>iece-</span> 
     </span>
     <span class='ocr_line' id='line_1_39' title="bbox 54 3431 1061 3507; baseline 0.005 -15"><span class='ocrx_word' id='word_1_300' title='bbox 54 3439 134 3492; x_wconf 90' lang='lat' dir='ltr'>runt.</span> <span class='ocrx_word' id='word_1_301' title='bbox 170 3431 247 3491; x_wconf 89' lang='lat' dir='ltr'>Huic</span> <span class='ocrx_word' id='word_1_302' title='bbox 269 3433 408 3506; x_wconf 88' lang='lat' dir='ltr'>proxima</span> <span class='ocrx_word' id='word_1_303' title='bbox 429 3431 608 3506; x_wconf 89' lang='lat' dir='ltr'>superficies</span> <span class='ocrx_word' id='word_1_304' title='bbox 628 3431 717 3506; x_wconf 86' lang='lat' dir='ltr'>ignea</span> <span class='ocrx_word' id='word_1_305' title='bbox 733 3439 792 3506; x_wconf 88' lang='lat' dir='ltr'>est,</span> <span class='ocrx_word' id='word_1_306' title='bbox 817 3434 857 3492; x_wconf 89' lang='lat' dir='ltr'>ita</span> <span class='ocrx_word' id='word_1_307' title='bbox 873 3441 1061 3507; x_wconf 69' lang='lat' dir='ltr'>conpactus</span> 
     </span>
    </p>

    <p class='ocr_par' dir='ltr' id='par_1_4' title="bbox 99 3520 873 3575">
     <span class='ocr_line' id='line_1_40' title="bbox 99 3520 873 3575; baseline -0.003 -3"><span class='ocrx_word' id='word_1_308' title='bbox 99 3535 200 3572; x_wconf 79' lang='lat' dir='ltr'>ssuucn</span> <span class='ocrx_word' id='word_1_309' title='bbox 215 3535 283 3572; x_wconf 82' lang='lat' dir='ltr'>run.</span> <span class='ocrx_word' id='word_1_310' title='bbox 299 3520 330 3572; x_wconf 90' lang='lat' dir='ltr'>lt.</span> <span class='ocrx_word' id='word_1_311' title='bbox 832 3521 873 3575; x_wconf 71' lang='lat'>20&#39;</span> 
     </span>
    </p>
   </div>
   <div class='ocr_carea' id='block_1_3' title="bbox 0 0 1186 3840">
    <p class='ocr_par' dir='ltr' id='par_1_5' title="bbox 0 0 1186 3840">
     <span class='ocr_line' id='line_1_41' title="bbox 0 0 1186 3840; baseline 0 0"><span class='ocrx_word' id='word_1_312' title='bbox 0 0 1186 3840; x_wconf 95' lang='lat' dir='ltr'> </span> 
     </span>
    </p>
   </div>
  </div>
 </body>
</html>
