2364 3840
119 201 161 268 76
394 203 427 262 L.
450 202 597 260 nonnul
618 199 792 260 SENECAE

116 355 255 419 moverit.
298 355 369 414 huie
392 355 524 428 ingrato,
553 354 606 428 qui
626 352 844 412 beneficiorum
871 351 1037 412 fraudator

115 442 187 501 etin
204 439 284 498 hanc
300 446 416 513 partem
432 437 595 511 procubuit
609 437 726 509 animo,
746 452 806 495 non
828 435 931 508 magis
954 435 1037 495 dabit

114 524 257 583 ncllcium
280 537 370 595 quarn
395 523 455 594 [de]
473 521 588 583 coctori
605 520 766 595 pecuniam
782 518 880 577 credit
901 527 959 578 aut
983 520 1037 594 dep

114 616 177 668 tum
196 605 362 666 committet
375 605 418 676 ei,
434 604 486 677 qui
501 604 561 663 iam
579 604 716 677 pluribus
732 602 907 676 abnegavit.

85 695 97 744 1
177 688 298 749 XXVII.
322 687 457 745 Timidus
479 687 588 746 dicitnr
610 688 736 762 aliquiS,
757 686 830 761 quia
850 686 971 746 stultus
998 702 1037 747 es*

114 774 174 833 hoc
191 774 289 830 malos
305 771 457 843 seqnitur,
474 787 553 843 quos
570 771 735 829 indiscreta
749 776 779 828 et
792 769 947 829 universa
963 770 1037 831 vitia

115 862 275 916 cumstant.
304 853 412 912 dicitur
431 853 554 913 timidus
570 853 694 927 proprie
708 859 817 912 natura
831 853 927 911 etiam
945 855 990 913 ad
1007 855 1036 913 in

116 954 212 998 sonos
240 936 379 1010 pavidus.
414 935 530 996 Stultus
557 938 658 997 omnia
681 935 752 995 vitia
772 935 881 1008 habet,
909 938 976 996 sed
998 955 1037 998 no

116 1022 218 1081 omnia
233 1027 339 1078 natura
354 1036 472 1094 pronus
488 1029 550 1080 est:
577 1021 655 1080 alius
672 1020 702 1078 in
718 1019 893 1090 avaritiam,
916 1021 1007 1081 alius
1022 1022 1037 1079 ir

84 1105 249 1174 uxoriam,
278 1105 355 1163 alius
384 1104 414 1162 in
437 1104 633 1177 petulantiam
654 1103 825 1162 inclinatur.
864 1103 983 1177 Itaque
1011 1121 1037 1162 er

117 1187 176 1257 illi,
193 1187 245 1261 qui
261 1187 446 1260 interrogant
462 1185 598 1248 Stoicos:
613 1187 686 1261 quid
702 1192 798 1259 ergot
820 1185 970 1247 Achilles
989 1189 1037 1247 tim

116 1277 185 1331 estt
213 1271 287 1344 quid
302 1278 398 1344 ergo?
426 1272 595 1343 Aristides,
614 1271 662 1329 cui
679 1269 793 1329 iustitia
807 1284 924 1327 nomen
943 1271 1034 1330 dedit

116 1354 216 1414 iustus
238 1359 306 1413 estt
338 1354 412 1427 quid
430 1359 526 1426 ergo?
551 1361 581 1412 et
593 1353 708 1413 Fabius
725 1352 777 1425 qui
792 1397 811 1424 „
819 1355 1009 1414 cunctando
1025 1371 1037 1412 r

116 1439 171 1497 tuit
190 1442 274 1496 rem“
291 1435 470 1494 temerarius
485 1442 553 1494 est?
577 1437 651 1511 quid
668 1442 764 1508 ergo?
791 1436 909 1495 Decius
927 1445 1037 1498 morter

116 1526 198 1579 mett
220 1518 339 1578 Mucius
355 1519 494 1592 proditor
515 1525 583 1577 estl
608 1519 751 1578 Camillus
768 1518 939 1579 desertor?
968 1522 1037 1580 Non

117 1602 263 1672 dicimus,
287 1601 332 1659 sic
353 1601 454 1660 omnin
474 1601 547 1660 vitia
568 1618 640 1662 esse
661 1603 691 1660 in
715 1601 874 1675 omnibus,
897 1606 1037 1677 quomo(

119 1684 304 1760 quibusdam
320 1685 440 1758 singula
455 1684 601 1759 eminent,
623 1685 679 1744 sed
696 1686 806 1744 malum
822 1700 859 1742 ac
875 1689 1014 1748 stultum
1030 1706 1037 1746 r

117 1768 190 1827 vitio
208 1782 327 1826 vacare.
348 1783 387 1826 ne
402 1768 548 1827 audacem
566 1769 689 1842 quidem
706 1769 822 1827 timoris
837 1769 1037 1832 absolvimus

85 1848 281 1926 aprodigum
306 1851 429 1924 quidem
454 1853 581 1911 avaritia
606 1851 781 1912 liberamus.
814 1851 987 1924 Quomodo
1021 1857 1037 1917 b

118 1950 225 1995 omnes
242 1950 354 1995 sensus
370 1934 461 1994 habet
484 1951 540 1994 nec
553 1935 623 1994 ideo
641 1943 740 1994 tomen
756 1951 865 1994 omnes
881 1936 1037 2001 homines

117 2035 165 2078 em
188 2017 302 2077 habent
315 2018 440 2093 Lynceo
459 2017 604 2088 similem,
628 2020 673 2077 sic
689 2019 741 2092 qui
756 2019 867 2079 stultus
884 2031 955 2098 est,
973 2042 1038 2085 non

118 2103 201 2162 acria
223 2109 253 2160 et
274 2100 425 2159 concitato
446 2100 537 2159 habet
558 2101 660 2160 omnia
680 2119 773 2176 quam
794 2104 927 2176 quidam
945 2125 1037 2182 quae<

118 2183 225 2243 Omnia
247 2184 277 2240 in
300 2181 442 2240 omnibus
459 2183 529 2241 vitia
544 2191 630 2256 sunt,
653 2186 785 2245 sednon
803 2187 912 2247 omnia
927 2192 963 2249 in
981 2194 1037 2262 sint

117 2271 255 2326 exstant:
282 2264 364 2323 hunc
381 2270 488 2323 natura
502 2267 541 2324 ad
557 2267 714 2326 avaritiam
730 2268 856 2342 inpellit.
885 2270 942 2332 bic
957 2277 1036 2336 vino

85 2439 149 2495 tut
170 2430 198 2488 in
222 2430 280 2489 boc
301 2430 384 2491 illum
402 2447 503 2491 mores
525 2432 572 2492 sni
594 2434 702 2493 lerant
728 2435 833 2509 Itaque
854 2445 892 2496 ut
907 2443 951 2500 ad
971 2459 1037 2517 prot

117 2522 180 2575 tum
201 2522 351 2583 revertar,
378 2529 466 2574 nemo
486 2532 545 2575 non
571 2516 708 2590 ingratus
728 2525 777 2576 est
797 2519 850 2592 qui
869 2525 993 2585 malus.
1023 2527 1037 2585 l

118 2597 198 2657 enirn
215 2599 317 2658 onrnia
332 2598 484 2672 nequitiae
507 2598 633 2657 semina.
662 2608 762 2660 tamen
784 2607 958 2677 proprie
982 2611 1037 2685 int

117 2688 178 2741 tus
194 2681 436 2753 adpellntur,
458 2682 523 2755 qui
540 2683 586 2740 ud
603 2682 676 2743 boc
692 2684 824 2743 vitium
840 2691 1037 2764 vergitzl

86 2776 209 2834 sergo
232 2761 472 2823 beneficium
493 2780 566 2823 non
588 2765 700 2826 dabo.
733 2765 898 2839 Quomodo
920 2778 1037 2837 mater

120 2858 196 2904 suno
210 2845 355 2913 consulit,
380 2846 432 2919 qui
448 2847 527 2906 illanr
542 2850 765 2909 contumelioso
778 2858 810 2909 et
822 2867 927 2928 saepe
940 2873 1037 2935 repul

120 2927 302 2987 conlocarit.
325 2931 480 3001 quomodo
493 2932 591 2990 merlus
607 2939 694 3004 pater
708 2933 841 2994 familiae
853 2935 1033 3005 habebitur

118 3007 310 3081 negotiorum
321 3019 478 3085 gestorum
488 3014 631 3074 damnato
643 3015 817 3089 patrimonii
831 3019 885 3079 sni
898 3036 1037 3089 cutamr

119 3092 245 3151 drn'orit.
278 3096 433 3166 quomodo
451 3095 677 3157 dementissime
697 3100 874 3175 testabitur,
896 3108 962 3183 qui
980 3116 1037 3173 rua

119 3173 183 3233 lilio
201 3175 355 3251 reliquerit
375 3177 561 3252 pupillorum
581 3181 796 3254 spoliatorem
817 3183 872 3246 sio
893 3176 1037 3269 m

119 3256 230 3317 nuileio
245 3259 319 3319 doro
334 3260 467 3330 dicetur,
487 3262 672 3339 quicumque
691 3264 831 3339 ingratos
1025 3264 1037 3275 ”’

120 3340 254 3415 peritura
270 3343 416 3403 eorrlerat.
931 3348 980 3413 ·.'·³.-
994 3364 998 3369 ·

90 3430 102 3483 r
179 3424 313 3484 xxvrrr.
335 3423 544 3500 „utquoqua
558 3428 669 3503 inquit,
684 3432 780 3492 mua
836 3464 850 3497 ,⁴
887 3465 888 3478 κ
929 3430 936 3445 ’
998 3403 1003 3412 ’
