2346 3832
113 156 176 221 312
403 159 435 217 L.
458 158 604 217 ΑΝΝΑΕΙ
626 158 801 218 SENECAE

114 309 319 387 pulcherrimo
342 327 472 386 corpore
497 311 573 369 inter
600 310 834 370 innumerabiles
861 313 981 385 stelles,
1010 330 1089 389 quae

116 405 235 456 noctem
256 396 369 455 decore
391 396 474 454 vario
493 393 696 466 distinguunt,
719 408 798 467 quae
814 396 885 453 uera
901 393 1024 457 minime
1039 412 1089 459 vn-

115 496 205 539 cuum
221 486 252 538 et
266 480 391 539 inertem
407 494 479 538 esse
496 477 664 551 patiuntur,
680 477 815 551 quinque
829 484 914 537 solus
928 493 1010 552 esse,
1025 480 1089 556 quiss

114 562 173 622 bus
189 577 333 622 exercere
348 578 383 621 se
398 562 501 636 liceat,
523 569 642 621 ceteros
657 567 755 632 stare,
770 560 865 620 lixum
877 569 907 621 et
918 560 1090 625 inmobilem

116 647 284 720 populum?

89 740 102 791 1
176 729 268 787 XXV.
301 727 333 788 Si
355 729 424 801 quis
446 727 594 787 hocloco
615 743 664 786 me
689 727 938 801 interrogaverit:
973 746 1090 805 quere

115 829 205 888 ergo
229 828 315 883 non,
340 809 658 884 quomadmodum
680 812 848 886 quinque
871 812 1088 889 stellarum,

115 898 168 956 ita
190 896 319 955 horum
343 893 579 954 observatus
602 901 662 954 est
684 898 863 955 cursust“
883 893 1087 971 huicegore·

115 979 294 1054 spondebo:
324 977 416 1036 multu
436 983 521 1049 sunt,
550 993 630 1051 quae
650 993 722 1037 esse
748 976 960 1039 concedimus:
988 978 1089 1055 quelle

86 1070 200 1132 nsunt,
228 1061 415 1135 ignoramus.
457 1060 578 1120 Habere
599 1077 656 1120 nos
677 1062 824 1133 animum,
853 1061 940 1121 cuius
961 1060 1088 1137 imperio

114 1145 287 1219 inpellimur
306 1153 335 1205 et
355 1160 541 1216 revocamur,
566 1160 672 1204 omnes
691 1145 876 1205 latebuntum
899 1145 974 1220 quid
990 1153 1087 1205 tomen

115 1231 153 1288 sit
174 1229 292 1288 animus
314 1229 364 1287 ille
377 1235 477 1287 rector
492 1227 697 1303 dominusque
712 1229 824 1302 nostri,
846 1244 907 1287 non
925 1226 1022 1303 magis
1036 1228 1089 1289 tibi

115 1314 275 1389 quisquam
290 1312 447 1386 expediet,
472 1328 562 1386 quom
576 1312 628 1371 ubi
644 1312 697 1371 sit:
718 1312 794 1371 nlius
811 1311 894 1370 illum
906 1311 987 1372 dicet
1001 1312 1088 1386 spiri·

115 1404 178 1456 tum
193 1412 280 1470 esse,
304 1397 380 1454 nlius
396 1403 577 1455 concentum
594 1396 770 1469 quemdam,
787 1395 864 1455 alius
878 1394 940 1454 vim
955 1394 1088 1457 divinam

115 1489 144 1538 et
165 1481 213 1538 <lei
237 1487 367 1554 partem,
388 1479 465 1538 alius
487 1477 697 1538 tenuissimum
711 1495 828 1551 aerem,
850 1478 928 1538 nlius
946 1477 1088 1555 incorpo

114 1565 207 1622 rulcm
230 1561 404 1637 potentiam.
433 1578 494 1621 non
515 1561 626 1635 deerit,
650 1563 702 1637 qui
724 1561 904 1636 sanguinem
919 1561 1015 1635 dicul,
1036 1558 1088 1638 qni

115 1648 262 1706 colorem:
285 1646 362 1704 adeo
378 1645 478 1704 animo
492 1661 552 1704 non
569 1652 669 1719 potest
684 1646 801 1721 liquere
813 1645 852 1704 de
864 1644 975 1705 ceteris
986 1646 1087 1721 rebus,

81 1735 145 1788 sut
166 1729 265 1788 adhuc
288 1727 356 1802 ipse
377 1744 411 1788 se
427 1737 562 1804 quaerut.
596 1728 672 1802 Quid
694 1745 767 1805 ergo
785 1729 928 1789 miramur
943 1735 1088 1805 comeus,

115 1820 174 1870 tnm
195 1829 295 1871 rarum
316 1813 418 1872 mundi
441 1813 665 1888 spectaculum,
692 1814 827 1874 nondum
853 1811 949 1873 teneri
969 1812 1088 1887 legibue

116 1898 205 1956 certis
227 1912 283 1956 nec
304 1896 388 1956 initio
408 1897 527 1956 illorum
549 1897 689 1971 finesque
706 1905 882 1969 notescere,
905 1912 1035 1972 quorum
1048 1910 1087 1955 ex

115 1980 286 2053 ingentibus
307 1980 473 2040 intervallis
493 1996 639 2041 recursus
661 1986 733 2040 est?
766 1980 907 2041 Nondum
928 1987 1000 2041 sunt
1018 1976 1088 2039 unul

116 2064 195 2122 mille
211 2064 379 2138 quingenti,
402 2079 442 2123 ex
458 2082 519 2138 quo
535 2064 662 2124 Graecia

338 2151 429 2208 stellis
441 2165 578 2210 numeros
591 2154 620 2209 et
632 2151 752 2209 nomina
763 2147 847 2221 fecit.

115 2232 225 2289 multoe
238 2230 392 2304 hodieque
407 2239 478 2292 sunt
489 2239 610 2306 gentes,
633 2247 712 2308 queo
724 2238 838 2291 lantum
851 2230 928 2290 facie
939 2238 1088 2291 noverunt

116 2313 249 2385 coelum,
272 2329 350 2388 quae
372 2314 507 2374 nondum
528 2316 642 2386 sciunt,
669 2332 722 2375 cur
743 2317 814 2374 lune
833 2314 970 2386 deliciet,
992 2326 1087 2389 quere

117 2397 319 2458 obumbretur.
349 2398 426 2458 haec
447 2399 530 2474 opud
553 2416 611 2461 nos
627 2414 751 2476 quoque
766 2412 863 2473 nuper
876 2396 953 2458 ratio
969 2397 1007 2456 nd
1022 2410 1087 2457 cer·

87 2491 177 2546 ltum
200 2483 350 2558 perduxit.
393 2483 532 2543 Veniet
564 2490 727 2558 tempus,
761 2497 831 2558 quo
865 2481 956 2552 isto,
990 2492 1088 2554 quae

116 2584 213 2627 nunc
242 2568 378 2642 latent,
408 2568 443 2627 in
473 2569 593 2628 lucem
624 2567 708 2627 dies
735 2563 916 2626 extrahat
941 2570 978 2623 et
1003 2563 1087 2623 lon-

116 2653 238 2725 gioris
266 2654 352 2713 aevi
381 2652 598 2728 diligentia.
632 2652 670 2710 ed
691 2649 917 2726 inquisitionem
937 2653 1087 2725 tentoqum

116 2744 199 2795 oetas
221 2754 282 2797 uno
302 2754 362 2799 non
385 2738 512 2808 suflicit,
537 2743 569 2797 ut
587 2742 650 2797 tota
665 2736 751 2795 coelo
766 2739 862 2793 vacet.
891 2731 980 2807 quid,
1003 2728 1087 2806 quod

115 2823 175 2875 tam
193 2836 308 2890 paucos
323 2839 420 2882 annos
434 2823 510 2881 inter
521 2822 622 2881 studio
632 2835 669 2879 ac
679 2819 750 2879 vitio
761 2833 821 2877 non
834 2831 935 2891 aequa
948 2814 1087 2893 portione

116 2897 299 2961 dividimus?
323 2906 426 2981 itaque
448 2922 503 2980 per
523 2904 737 2966 successiones
758 2902 817 2962 isla
830 2901 938 2975 longas
953 2896 1087 2973 explice-
1119 2940 1122 2945 -

88 2980 234 3044 chuntur.
274 2987 384 3048 Veniet
403 2997 539 3065 tempus,
568 3006 629 3063 quo
652 2985 766 3063 posteri
787 2986 882 3047 nostri
900 2990 963 3043 tam
982 2986 1088 3057 apert·

116 3080 173 3123 nos
196 3065 334 3126 nescisse
351 3071 503 3133 mirentur.
540 3074 650 3132 Harum
668 3070 801 3145 quinque
815 3068 986 3137 stellarum,
1009 3076 1087 3139 quoe

117 3163 152 3206 50
168 3147 308 3220 iugerum
322 3152 426 3225 nobis,
450 3173 531 3231 quoe
547 3156 606 3217 alio
624 3163 717 3230 etque
732 3155 791 3215 alio
807 3156 1004 3213 occurrentes
1019 3149 1086 3208 loco

117 3230 257 3289 curiosos
272 3245 329 3289 nos
346 3247 417 3293 esse
431 3247 559 3313 cogunt,
579 3240 631 3313 qui
644 3238 781 3298 matutini
796 3232 1025 3310 vespertinique
1038 3244 1086 3291 or·

115 3321 164 3372 tus
177 3315 250 3386 sint,
267 3329 346 3388 quae
357 3318 519 3394 stationes,
532 3324 656 3397 quando
669 3323 699 3381 in
710 3328 824 3381 rectum
836 3319 979 3389 feruntur,
993 3324 1088 3391 quere

117 3404 244 3471 agontur
258 3403 354 3470 retro,
377 3400 468 3459 modo
485 3404 642 3478 coepimus
658 3406 747 3466 scire.
783 3404 888 3463 Utrum
903 3402 1088 3473 mergeretur
