2364 3840
153 188 217 252 ³02
445 188 478 247 L.
497 186 644 246 ΑΝΝΑΕΙ
666 184 841 246 senectti

151 350 263 402 tarum=
292 340 411 400 illorum
431 337 560 412 rapidus
581 351 617 395 ac
637 334 790 396 violentus
805 345 836 397 et
850 337 928 411 ipsis
944 338 1044 397 ventis
1061 340 1129 399 cita·

154 426 212 486 tior
237 431 299 494 est,
326 430 511 483 cometarum
539 421 614 479 lenis
640 421 746 495 etqui
771 436 827 495 per
848 421 928 480 diem
948 431 1132 497 noctemque

155 518 302 584 quantum
322 506 476 567 transierit
500 504 672 566 abscondit.
711 504 828 563 Deinde
852 504 1006 564 turbinum
1031 514 1131 566 motus

153 609 252 667 vagus
273 597 320 650 cst
340 598 370 650 et
389 590 536 649 disiectus
557 596 601 660 et,
624 586 801 647 utSulustii
822 594 890 648 utar
904 589 1023 663 verbis,
1048 606 1130 649 ver-

153 678 321 747 ticosus,
351 681 537 733 cometarum
561 679 662 731 autem
688 673 868 746 conpositus
893 678 924 730 et
948 673 1132 733 destinatum

123 760 209 820 aiter
221 775 362 833 carpens.
384 757 684 831 Numquisnostrum
695 756 858 816 accederet
869 756 971 814 lunam
984 758 1130 831 autquin-

155 860 215 919 que
236 843 338 902 sidera
358 839 425 914 rapi
447 847 537 899 vento
558 846 611 898 aut
629 839 747 899 turbine
761 841 875 899 rotarii
903 856 981 914 non,
1000 848 1130 915 utputo.

155 932 273 1002 quare?
300 925 446 998 quianon
462 932 509 983 est
523 922 581 982 illis
598 923 793 996 perturbatus
808 932 837 983 et
851 924 995 997 inpotens
1012 939 1130 985 cursus.

154 1011 192 1067 ad
216 1014 350 1068 cometas
368 1007 449 1067 idern
465 1008 700 1067 transieramus:
729 1022 790 1066 non
807 1008 936 1068 contuse
951 1023 1009 1067 nec
1024 1011 1130 1068 tumul-

155 1101 243 1151 tuose
264 1097 351 1162 eunt,
372 1098 405 1151 ut
424 1092 536 1165 aliquis
558 1090 663 1149 credat
683 1091 753 1151 illos
774 1089 878 1150 causis
898 1091 1081 1152 turbulentis
1103 1101 1132 1152 et

126 1175 397 1236 tinconstantibus
413 1175 493 1250 pelli.
529 1174 645 1234 Deinde
660 1175 778 1233 etiamsi
789 1175 920 1234 vertices
935 1175 986 1234 isti
1002 1191 1059 1235 con
1063 1191 1130 1250 pre·

154 1261 288 1319 hendere
309 1267 428 1319 terrena
449 1259 635 1332 humidaque
651 1265 681 1316 ct
697 1272 736 1315 ex
754 1257 859 1318 humili
873 1259 904 1317 in
920 1258 1015 1318 altum
1031 1259 1131 1334 expri-

154 1360 238 1405 mere
269 1351 412 1418 possent,
440 1358 502 1401 non
532 1350 632 1400 tamen
664 1356 759 1414 supra
790 1343 891 1401 lunam
916 1339 1131 1415 efferrentturt.

156 1429 254 1488 omnis
275 1428 449 1500 illisosque
469 1426 499 1484 in
520 1425 656 1484 nubilum
675 1425 720 1484 vis
736 1432 797 1484 est:
820 1431 956 1486 cometas
971 1433 1072 1485 autem
1088 1427 1130 1486 in·

154 1513 268 1570 mixtos
286 1511 381 1569 stellis
400 1510 538 1568 videmus
556 1523 610 1582 per
625 1509 784 1583 superiora
798 1509 946 1569 labentes.
983 1509 1118 1584 Ergone

155 1594 280 1654 risimile
299 1610 358 1652 non
374 1593 466 1653 estin
482 1599 596 1651 tantum
612 1593 742 1666 spatium
756 1607 958 1666 perseverare
972 1593 1130 1668 turbinem,

156 1680 208 1753 qui
224 1692 284 1751 quo
300 1675 397 1735 maior
412 1683 473 1748 est,
497 1676 641 1735 maturius
658 1677 870 1750 corrumpitur.

127 1776 140 1828 1
216 1762 267 1820 IX.‹
292 1760 474 1822 Utrumlibet
494 1761 597 1834 itaque
617 1759 721 1833 eligat=
749 1767 801 1819 aut
816 1759 893 1818 levis
908 1761 956 1819 vis
971 1762 1003 1819 in
1017 1767 1129 1820 tantum

154 1845 315 1921 pervenire
335 1861 396 1903 non
413 1844 537 1918 poterit,
560 1851 611 1901 aut
625 1858 734 1917 magna
748 1851 778 1903 et
793 1843 943 1904 concitata
958 1843 1049 1903 citius
1063 1844 1131 1917 ipsa

155 1945 189 1988 se
205 1931 331 2002 franget.
366 1927 527 1986 Praeterea
542 1926 717 1986 humiliores
736 1927 777 1987 illi
794 1933 932 1987 cornetae
948 1927 988 1986 ob
1003 1926 1078 2001 hoc,
1100 1933 1130 1986 ut

155 2019 273 2088 putant,
297 2028 359 2072 non
381 2018 494 2070 exeunt
514 2009 620 2082 altius,
643 2011 713 2084 quia
734 2011 804 2084 plus
826 2012 938 2069 terreni
952 2010 1068 2070 habent
1081 2014 1129 2083 [et]

154 2097 287 2171 gravitas
302 2095 372 2155 illos
386 2111 442 2154 sua
458 2096 487 2153 in
503 2095 642 2168 proximo
658 2102 755 2155 tenet:
777 2092 862 2168 atqui
875 2108 1008 2154 necesse
1022 2100 1070 2154 est
1083 2092 1130 2152 his

155 2180 282 2238 cometis
300 2177 558 2248 diuturnioribus,
587 2176 769 2237 celsioribus
796 2178 915 2251 plenior
935 2178 1061 2237 materia
1083 2176 1128 2236 sit.

153 2276 255 2335 neque
270 2261 350 2319 enirn
364 2261 476 2319 diutius
492 2260 689 2333 adparerent,
713 2260 773 2320 nisi
787 2261 953 2321 maioribus
967 2261 1129 2320 nutrimen-

126 2345 191 2406 2tis
208 2345 438 2404 sustinerentur.
475 2343 618 2403 Dicebam
634 2346 725 2405 modo
741 2361 801 2404 non
815 2359 910 2417 posse
923 2345 1068 2404 verticem
1080 2343 1130 2404 diu

155 2443 333 2502 permanere
348 2442 405 2486 nec
421 2443 515 2501 supra
530 2428 630 2487 lunam
645 2436 697 2488 aut
708 2444 808 2503 usque
819 2428 849 2486 in
863 2429 1019 2488 stellarum
1030 2429 1129 2487 locum

154 2527 303 2573 crescere.
334 2527 444 2586 nempe
459 2511 552 2570 elficit
567 2512 715 2571 turbinem
732 2511 864 2585 plurium
879 2517 1040 2570 ventorum
1055 2511 1130 2570 inter

152 2596 240 2671 ipsos
255 2597 394 2656 luctatio:
418 2596 494 2654 haec
509 2595 558 2654 diu
575 2611 634 2654 non
651 2602 848 2669 potestesse.
870 2611 942 2654 narn
953 2610 1023 2654 curn
1034 2609 1129 2667 vagus

153 2687 183 2738 et
208 2682 341 2740 incertus
363 2679 489 2754 spiritus
515 2681 705 2739 conluctatus
731 2685 792 2754 cst,
819 2677 988 2739 novissime
1009 2676 1063 2737 uni
1084 2677 1129 2736 vis

123 2764 286 2823 bomnium
308 2763 398 2823 cedit.
436 2763 524 2822 Nulla
543 2770 643 2822 autem
661 2769 829 2838 tempestas
846 2777 955 2837 magna
971 2762 1128 2835 perdurat:

153 2848 307 2917 procellae
327 2855 440 2921 quanto
463 2847 532 2920 plus
553 2846 666 2907 habent
685 2845 807 2918 virium,
831 2853 913 2905 tanto
934 2845 1036 2905 minus
1057 2851 1128 2904 tem·

154 2928 247 3001 poris.
272 2931 351 2989 venti
367 2946 436 2989 cum
450 2930 490 2988 ad
502 2945 652 2991 summum
664 2937 827 3004 venerunt,
847 2929 1040 2988 remittuntur
1050 2924 1130 2988 omni

152 3010 312 3068 violentia:
335 3028 466 3072 necesse
481 3023 527 3074 est
541 3015 610 3088 ipsa
621 3014 822 3074 concitatione
837 3012 867 3073 in
879 3013 995 3072 exitum
1006 3010 1057 3072 sui
1068 3019 1129 3072 ten·

154 3093 234 3154 dant.
263 3107 353 3153 nemo
374 3095 478 3168 itaque
497 3096 647 3158 turbinem
663 3104 725 3159 toto
742 3098 791 3157 dic
806 3095 894 3170 vidit,
917 3110 957 3154 ne
972 3093 1052 3156 hora
1066 3094 1129 3169 qui·

154 3177 238 3237 dem:
259 3175 335 3236 mira
350 3177 498 3237 velocitas
513 3181 579 3241 eius
595 3188 626 3242 et
642 3181 719 3240 mira
732 3181 868 3241 brevitas
879 3185 935 3239 est.
968 3177 1130 3238 Praeterea

153 3262 314 3322 violentius
337 3259 529 3334 celeriusque
549 3265 631 3324 circa
649 3270 760 3324 terram
781 3271 812 3324 et
834 3265 864 3322 in
884 3269 967 3324 terra
983 3262 1130 3321 volvitur=

154 3363 216 3420 quo
239 3345 358 3416 celsior,
381 3357 418 3402 co
439 3343 568 3404 solutior
587 3347 748 3422 tortorque
768 3354 866 3407 estet
886 3345 925 3406 ob
941 3344 1003 3406 lroc
1020 3343 1130 3405 diffun-

122 3429 242 3490 dditur.
284 3429 381 3490 Adice
401 3441 496 3499 nunc,
525 3430 610 3502 quod
633 3429 750 3490 etiarnsi
776 3431 805 3489 in
831 3445 984 3492 summurn
1010 3435 1130 3504 perten-
