2364 3840
279 182 331 241 DE
352 183 566 242 BENEFICIIS
587 184 660 242 LIB.
673 185 723 243 III.
745 193 879 248 24-28.
1030 187 1070 250 51

154 337 277 398 XXVII.
307 337 371 396 Sub
387 337 458 396 divo
475 339 616 411 Augusto
633 338 769 397 nondum
786 338 961 400 hominibus
977 341 1099 401 verbal

90 437 150 482 sua
169 422 345 496 periculosa
365 428 465 495 erant,
488 420 550 479 iam
569 421 708 480 molesta.
748 423 863 497 Rufus,
886 424 932 483 vir
954 425 1070 484 ordinis

90 505 253 580 senatorii,
273 503 352 564 inter
367 520 494 564 coenam
509 510 682 580 optaverat,
705 522 765 579 „ne
778 504 892 566 Caesar
907 508 1011 567 salvus
1023 525 1072 568 re·

90 589 171 650 diret
190 604 231 649 ex
252 604 289 647 ea
309 588 556 663 peregrinatione
578 605 668 663 quam
683 590 841 664 parabat.“
871 597 901 650 et
917 592 1072 652 adiecerat

88 672 192 749 „idem
215 688 322 734 omnes
343 680 373 731 et
393 682 498 732 tauros
520 679 550 731 et
568 671 680 732 vitulos
697 677 834 748 optare.“
868 674 1003 735 Fuerunt
1019 677 1072 750 qui

88 757 142 815 illa
163 755 323 830 diligenter
346 757 495 816 audirent.
530 756 570 815 Ut
590 757 719 831 primum
742 758 864 832 diluxit,
888 774 998 818 servus
1020 759 1072 834 qui

91 840 233 900 coenanti
258 841 299 899 ad
325 840 422 914 pedes
449 846 589 913 steterat,
617 848 719 900 narrat
741 857 820 915 quae
842 842 919 901 iuter
941 858 1070 902 coenam

89 923 194 984 ebrius
215 924 346 983 dixisset
367 931 396 982 et
419 923 570 997 hortatur,
599 931 632 983 ut
652 925 813 984 Caesarem
831 933 963 1000 occupet
978 933 1070 999 atque

88 1007 216 1082 ipsese
237 1008 364 1067 deferat.
404 1007 488 1068 Usus
512 1008 640 1068 consilio
662 1009 862 1068 descendenti
877 1009 1001 1070 Caesari
1018 1015 1099 1070 oen

90 1092 185 1150 currit
205 1097 248 1162 et,
273 1107 341 1150 eum
361 1092 471 1151 malam
492 1098 623 1151 mentem
645 1091 793 1152 habuisse
809 1108 843 1152 se
858 1094 957 1166 pridie
971 1095 1069 1153 iuras-

90 1180 152 1245 set,
175 1174 207 1233 id
221 1180 255 1234 ut
268 1174 298 1234 in
315 1190 349 1234 se
365 1181 394 1234 et
408 1175 439 1234 in
453 1174 534 1234 tilios
548 1190 623 1235 suos
635 1175 800 1248 recideret,
823 1178 939 1249 optavit
953 1185 984 1236 et
996 1178 1069 1237 Cae·
1158 1242 1168 1260 ‚

90 1273 208 1331 sarem,
230 1265 264 1318 ut
284 1259 459 1333 ignosceret
481 1258 539 1318 sibi
559 1259 735 1332 rediretque
756 1258 787 1316 in
808 1261 935 1332 gratiam
954 1276 1068 1333 secum,

88 1341 218 1415 rogavit.
257 1342 330 1402 Cum
346 1343 476 1404 dixisset
496 1358 530 1401 se
547 1342 659 1401 Caesar
675 1343 792 1401 lacera
816 1357 942 1414 „nerum
963 1344 1098 1416 inquit,3

90 1425 195 1485 credet
213 1432 243 1485 te
262 1442 382 1486 mecum
402 1426 434 1484 in
457 1427 584 1501 gratiam
604 1425 741 1497 redisse,
771 1425 831 1484 nisi
856 1425 973 1498 aliquid
998 1426 1071 1484 mihi

89 1508 292 1584 donaveris,“
320 1511 457 1584 petitque
478 1526 540 1570 non
561 1509 775 1569 fastidiendam
796 1526 815 1567 a
836 1508 970 1584 propitio
988 1526 1068 1569 sum-

88 1609 169 1652 mam
182 1599 213 1654 et
222 1593 396 1668 inpetravit.
426 1592 538 1652 Caesar
551 1594 606 1653 ait:
629 1593 718 1666 „ItIea
731 1609 826 1653 causa
838 1595 918 1652 dabo
932 1609 1069 1668 operam,

88 1693 130 1736 ne
149 1693 296 1751 umquam
315 1677 370 1735 tibi
391 1677 536 1735 irascar.“
571 1677 708 1752 Honeste
735 1678 807 1737 fecit
828 1679 956 1750 Caesar,
986 1677 1100 1752 quodt

89 1757 224 1834 ignovit,
252 1758 337 1832 quod
357 1759 566 1818 liberalitatem
587 1760 763 1819 clementiae
778 1761 898 1821 adiecit.
934 1760 1070 1836 quicum-

92 1857 154 1917 que
174 1841 234 1902 hoc
255 1839 385 1900 audierit
405 1842 592 1915 exemplum,
615 1857 746 1906 necesse
766 1851 814 1902 est
829 1844 991 1902 Caesarem
1007 1847 1069 1904 lauu

91 1927 157 1999 det,
174 1925 231 1986 sed
246 1941 316 1985 cum
332 1940 455 1983 servum
470 1932 539 1985 ante
554 1924 731 1984 laudaverit.
759 1927 827 1984 Non
842 1935 1022 2000 exspectas,
1037 1936 1071 1987 ut

89 2009 144 2069 tibi
165 2025 286 2069 narrem
308 2007 546 2081 manumissum,
576 2009 628 2082 qui
649 2008 708 2066 hoc
731 2009 853 2067 lecerat.
892 2025 949 2067 nec
970 2017 1070 2068 tamen

89 2095 201 2169 grans:
224 2093 386 2168 pecuniam
406 2107 464 2165 pro
480 2091 617 2151 libertate
632 2090 697 2150 eius
715 2092 827 2151 Caesar
847 2100 1069 2152 numeraverat.

154 2176 289 2238 XXVIII.
312 2176 386 2236 Post
400 2181 445 2235 tot
459 2177 602 2249 exempla
616 2192 688 2234 num
704 2184 751 2236 est
764 2175 903 2249 dubium,
929 2179 1002 2251 quin
1018 2179 1070 2236 be·
1084 2185 1098 2237 l

90 2261 235 2321 neiicium
256 2258 421 2335 aliquando
449 2276 467 2318 a
492 2276 583 2320 servo
608 2258 752 2320 dominus
778 2261 930 2336 accipiat?
970 2262 1069 2335 Quare

89 2345 194 2419 potius
215 2359 351 2417 persona
368 2359 433 2402 rem
448 2344 564 2403 minuat
579 2360 668 2418 quam
685 2361 850 2418 personam
865 2362 915 2405 res
933 2346 1004 2420 ipsa
1019 2361 1069 2404 co-

88 2428 255 2486 honestet?
275 2427 381 2486 eadem
397 2427 540 2487 omnibus
557 2426 706 2502 principia
721 2429 892 2502 eademque
905 2429 1001 2501 origo,
1018 2441 1069 2486 oe-

89 2527 141 2569 mo
163 2511 257 2570 altero
279 2510 425 2584 nobilior,
448 2512 507 2570 nisi
529 2512 577 2571 cui
597 2510 711 2570 rectius
730 2513 885 2585 ingenium
909 2519 939 2569 et
953 2512 1069 2570 artibus
1120 2573 1122 2579 ,

88 2591 181 2654 bonis
201 2593 312 2669 aptius.
349 2593 406 2667 Qut
425 2595 574 2668 imagines
590 2596 620 2652 in
636 2594 710 2654 atrio
728 2600 886 2668 exponunt
902 2601 930 2652 et
946 2594 1098 2651 nominat

89 2678 223 2738 familiae
245 2694 319 2739 suae
339 2680 432 2752 longo
448 2679 555 2737 ordine
571 2693 606 2737 ac
622 2675 722 2736 multis
738 2683 929 2735 stemmatum
945 2675 1070 2750 inIIgata

88 2762 218 2822 flexuris
233 2759 264 2820 in
280 2771 365 2838 parte
379 2763 479 2838 prima
493 2762 614 2821 aedium
629 2760 794 2833 collocant,
815 2774 877 2818 non
892 2760 956 2819 noti
972 2760 1068 2834 magis

90 2863 183 2923 quam
205 2845 324 2906 nobiles
346 2854 438 2906 sunt?
473 2846 557 2905 Unus
578 2843 711 2904 omnium
731 2859 842 2916 parens
857 2845 990 2903 mundus
1006 2851 1068 2903 est:

90 2933 158 2992 sive
180 2945 236 3003 per
258 2929 437 3004 splendidos
459 2930 524 2989 slve
545 2945 601 3003 per
622 2927 767 2986 sordidos
789 2927 903 3002 gradus
925 2929 964 2988 ad
986 2929 1069 2987 hunc

88 3014 190 3091 prIma
212 3011 362 3086 cuiusque
384 3015 469 3088 origo
492 3011 678 3087 perducitur.
714 3011 781 3071 Non
803 3014 955 3087 estquod
976 3011 1069 3072 teisti

90 3098 261 3172 decipiant,
279 3098 345 3170 qui,
366 3114 434 3157 cum
449 3095 581 3156 maiores
598 3112 673 3155 suos
688 3103 865 3170 recensent,
882 3095 1069 3171 ubicumque

90 3198 204 3242 nomen
219 3181 347 3241 inlustre
363 3181 434 3240 lecit
450 3185 494 3253 [ill
494 3197 578 3240 orum
593 3183 640 3240 vel
655 3181 722 3253 fort
721 3199 783 3241 unu
797 3185 843 3241 oet
855 3184 963 3253 virtus
983 3196 1069 3240 suum

89 3267 272 3342 superbiam]
295 3263 347 3324 illo
370 3265 507 3325 fulciunt.
548 3263 704 3323 NemInem
727 3266 924 3340 despexeris,
949 3263 1098 3324 etiamsib

91 3353 174 3410 circa
195 3351 278 3410 illum
300 3349 441 3408 obsoleta
463 3353 534 3407 sunt
558 3348 682 3407 nomina
706 3357 735 3408 et
762 3353 869 3423 parum
892 3349 1069 3421 indulgente

92 3435 195 3494 adiuta
211 3434 347 3509 lortuna,
369 3432 435 3493 slve
450 3431 646 3493 libertinit
594 3449 632 3491 an
635 3439 664 3492 te
679 3450 735 3493 vos
748 3431 975 3552 habentursive
987 3428 1068 3488 servi

874 3522 892 3573 t
