2364 3840
253 208 394 270 NATUR.
411 209 572 283 QUAEST.
595 210 667 269 LIB.
679 210 717 269 V.
737 218 853 271 8—12.
981 209 1043 276 261

62 361 152 438 piunt
172 359 264 432 liare,
284 375 353 420 cunr
373 360 487 436 et[iam]
507 360 629 434 longius
651 361 823 419 extenditur
837 361 903 420 dies
918 369 948 420 et
967 364 1043 424 recti

61 447 93 506 in
115 461 176 506 nos
195 443 273 505 radii
294 443 473 517 diriguntur.
512 443 587 502 Veri
608 459 682 517 ergo
698 444 796 503 simile
812 452 859 503 est
873 457 1072 511 concussass

61 531 167 590 calore
182 543 292 602 magno
308 529 394 587 nives
409 529 479 602 plus
493 527 609 586 humidi
623 527 740 586 etllare.
768 528 838 586 item
856 536 952 587 terras
967 545 1041 590 exo·

61 620 188 674 renatas
207 612 278 670 nive
298 617 493 686 retectusque
514 611 632 685 spirare
657 609 792 671 liberius.
825 612 865 670 ita
890 614 979 686 plura
1002 630 1043 673 ex

60 691 309 772 septemtrionali
326 703 411 770 parte
434 693 512 754 coeli
533 710 663 769 corpora
678 696 763 753 exire
778 701 808 754 et
827 695 857 753 in
871 695 948 755 haec
963 698 1041 770 loca,

59 797 143 858 quae
157 787 232 840 sunt
243 777 445 839 submissiora
460 793 497 837 ac
511 779 675 852 lepidiora,
698 779 823 839 deferri..
842 778 888 838 sio
904 780 1041 854 inpetum

59 863 177 925 etesias
192 877 328 922 sumere:
350 870 380 924 et
395 861 434 922 ob
449 861 509 920 hoe
521 878 539 920 a
551 862 680 923 solstitio
693 861 751 922 illis
764 863 877 923 initium
890 871 945 937 est,
961 867 1041 924 ultra

60 955 161 1009 ortum
182 944 344 1006 Caniculae
366 962 428 1006 non
450 947 564 1017 valent,
588 947 661 1020 quia
681 946 740 1004 iam
756 949 882 1008 multum
898 964 915 1007 e
931 948 1041 1023 lrigida

60 1031 140 1093 coeli
155 1029 287 1105 partein
303 1028 382 1088 bane
397 1028 567 1090 coniectum
584 1040 640 1089 est.
662 1045 698 1088 ao
714 1031 762 1089 sol
777 1039 891 1092 mutato
905 1048 997 1093 cursu
1008 1033 1068 1096 inl

58 1122 167 1175 nostra
181 1113 293 1172 rectior
306 1113 471 1174 intenditur
486 1121 516 1172 et
531 1115 655 1172 alteram
672 1120 788 1186 partem
802 1116 882 1174 airis
898 1116 1037 1190 adtrahit,

58 1197 149 1258 aliam
170 1212 245 1256 vero
266 1196 392 1271 inpellit.
434 1195 485 1255 Sic
507 1198 557 1255 ille
582 1197 747 1256 etesiarum
772 1196 864 1257 ilotus
891 1208 1038 1259 aestatem

58 1281 172 1355 frangit
185 1288 217 1340 et
230 1297 248 1339 a
261 1282 411 1340 mensium
427 1280 718 1340 ferventissimorum
734 1281 880 1353 gravitate
893 1282 1037 1342 defendit.

120 1364 172 1423 Xl.
203 1363 306 1424 Nunc
329 1366 413 1440 quod
438 1363 563 1439 promisi
589 1364 892 1437 dicendumst,
919 1377 1065 1439 queret

58 1448 211 1508 etesiae
237 1462 307 1506 vos
336 1465 410 1509 non
438 1447 625 1507 adiuvent
653 1463 754 1523 neque
778 1446 942 1523 quicquam
967 1449 1037 1508 huic

59 1532 219 1592 conterant
239 1546 361 1590 causae.
402 1531 537 1592 Dicimus
563 1541 632 1591 ante
657 1533 755 1591 lucem
772 1547 887 1603 ¹auram
912 1533 1038 1603 incitari,

58 1614 199 1675 eamdem
221 1614 395 1685 subsidere,
418 1631 486 1674 cum
502 1615 584 1675 illam
599 1618 646 1674 sol
659 1616 795 1690 adtingit.
822 1613 907 1691 atqui
923 1616 1038 1676 etesiae

58 1699 99 1759 ob
115 1698 177 1758 hoc
205 1698 461 1759 somniculosi
485 1699 621 1758 anantis
643 1706 673 1758 et
694 1700 857 1759 delicati
878 1707 1035 1772 vocantur,

58 1783 163 1857 equod²
182 1790 216 1843 ut
230 1782 272 1840 ait
286 1781 398 1855 Gallio,
417 1799 505 1842 mone
523 1785 658 1842 nesciunt
675 1800 816 1856 surpere:
845 1799 881 1843 eo
898 1792 1037 1859 tempore

57 1866 123 1925 lere
137 1865 286 1941 incipiunt
299 1866 438 1939 prodire,
462 1882 524 1941 quo
541 1881 578 1924 ne
593 1867 735 1939 pertinax
750 1865 872 1937 quidem
890 1884 964 1926 aura
979 1876 1035 1927 est.

57 1948 143 2024 quod
163 1966 225 2010 non
247 1948 415 2022 accideret,
436 1950 462 2008 si
476 1957 510 2010 ut
524 1964 645 2021 auram,
666 1949 707 2007 ita
722 1949 792 2008 illos
808 1950 856 2007 sol
872 1965 1035 2011 conmone-

55 2040 112 2093 rot
145 2033 244 2093 Adice
266 2047 360 2105 nunc,
383 2034 467 2108 quod
488 2032 515 2092 si
536 2048 630 2091 causa
646 2032 704 2090 illis
720 2031 811 2091 ssatus
828 2039 875 2092 est
890 2033 950 2091 diei
965 2045 1065 2106 spa-2

55 2114 131 2177 tium
145 2132 182 2176 ac
197 2115 371 2191 longitudo,
391 2116 482 2176 etiam
493 2125 562 2175 ante
575 2114 736 2175 solstitium
749 2113 872 2189 flarent,
890 2132 958 2175 cum
971 2117 1035 2176 lon-

56 2200 175 2274 gissimi
196 2200 262 2260 dies
286 2207 358 2259 sunt
378 2208 408 2259 et
429 2200 630 2260 cummaxime
651 2200 737 2260 nives
752 2200 923 2261 tabescunt.
959 2200 1035 2260 lulio

55 2284 263 2343 enim⁰mense
284 2283 343 2342 iam
363 2284 535 2358 despoliata
556 2291 628 2345 sunt
650 2285 752 2344 omnia
768 2292 819 2344 aut
835 2293 916 2345 certe
931 2285 1035 2345 admo-

55 2365 128 2425 dum
144 2382 243 2440 pauca
258 2368 359 2426 iacent
372 2367 473 2427 adhue
488 2368 546 2428 sub
562 2369 641 2426 nive.

117 2449 183 2509 Xll.
212 2449 290 2509 Sunt
310 2451 462 2525 quaedam
483 2467 597 2525 genera
616 2459 792 2520 ventorum,
823 2466 902 2524 qnae
926 2457 1061 2523 ruptacl

53 2533 153 2594 nubes
169 2534 242 2593 etin
258 2550 387 2608 pronum
404 2537 523 2595 solutae
535 2538 685 2595 emittunt=
706 2533 765 2593 hos
783 2531 920 2591 Graeci
944 2548 1034 2591 vcn-

53 2624 116 2676 tos
139 2615 353 2692 ecnephias
375 2625 525 2678 vocant.
547 2619 712 2693 quihoc‚
736 2622 900 2690 utputo,
923 2617 1033 2675 modo

53 2699 168 2760 liunt=
193 2715 261 2765 cum
281 2716 390 2774 magna
411 2702 613 2776 inaequalitas
634 2716 670 2760 ac
691 2698 906 2760 dissimilitudo
923 2713 1034 2774 corpo·

51 2799 137 2857 rum,
160 2799 240 2857 quae
261 2800 358 2858 vapor
378 2791 518 2846 terrenus
534 2785 652 2854 emittit,
677 2785 707 2842 in
722 2781 853 2843 sublime
868 2789 917 2841 eat
932 2784 1036 2844 etalio

52 2882 93 2926 ex
113 2865 162 2927 his
184 2868 367 2941 corporibus
387 2867 471 2928 sicca
486 2869 559 2938 sint,
583 2867 642 2925 alia
655 2866 796 2938 humida,
820 2881 859 2925 ex
875 2872 957 2926 tanta
972 2867 1033 2928 dis-

53 2948 161 3010 cordia
176 2966 340 3026 corporum
358 2952 435 3012 inter
447 2967 482 3010 se
498 2951 712 3026 pugnantium,
735 2965 803 3008 cum
815 2950 950 3010 inunum
962 2967 1034 3012 cou-

52 3032 178 3108 globata
199 3041 284 3108 sunt,
310 3035 471 3095 verisimile
493 3041 540 3094 est
562 3033 710 3109 quasdam
729 3049 821 3094 cavas
837 3033 919 3094 ellici
934 3036 1033 3096 nubes

51 3124 83 3177 et
102 3114 263 3177 intervalla
283 3118 361 3179 inter
380 3118 448 3179 illas
465 3117 597 3198 relinqui
612 3117 753 3178 fistulosa
771 3125 801 3176 et
813 3119 844 3177 in
859 3119 984 3179 modum
999 3120 1033 3178 ti-

50 3199 122 3260 biae
143 3209 285 3275 angusta.
324 3202 380 3262 His
401 3202 566 3262 intervallis
588 3202 688 3262 tenuis
711 3202 874 3263 includitur
897 3201 1062 3277 spiritusi

52 3283 106 3358 qui
119 3284 220 3344 maius
235 3284 391 3346 desiderat
405 3287 551 3360 spatium,
576 3302 644 3346 cum
659 3287 857 3346 everberatus
870 3301 963 3345 cursu
981 3301 1033 3360 pa·

49 3383 118 3428 rum
140 3367 237 3428 libero
258 3367 381 3427 incaluit
395 3377 425 3429 et
440 3368 479 3428 ob
494 3369 555 3428 boc
570 3369 698 3444 amplior
712 3370 760 3441 iit,
782 3369 955 3443 scinditque
970 3369 1033 3427 cin-

49 3451 154 3527 gentia
174 3457 203 3511 el
225 3452 356 3526 erumpit
379 3450 570 3528 inventum,
601 3453 652 3528 qui
674 3455 738 3513 lere
760 3452 953 3527 procellosus
975 3456 1032 3524 est,
