2364 3840
119 185 179 247 132
407 185 440 243 L.
463 185 609 244 ΑΝΝΑΕΙ
632 183 808 244 SENECAE

118 336 281 410 delinquis,
297 336 381 410 quod
393 352 453 394 non
466 342 631 408 exspectas
644 350 733 394 suum
747 332 898 409 cuiusque
908 333 955 394 rei
967 341 1092 410 tempus

118 422 201 496 quod
221 435 320 494 aeque
337 427 445 494 peccat
461 420 589 493 quinon
603 419 741 491 sequitur
757 434 847 491 quam
863 416 916 493 qui
935 419 1090 478 antecedit

119 505 277 578 Quomodo
303 503 485 562 beneficium
508 519 568 562 nou
590 517 713 575 semper
732 501 944 575 recipiendum
966 509 1030 575 est,
1052 502 1092 561 sic

88 605 178 656 urion
200 588 304 661 utique
326 587 526 646 reddendum.
563 583 595 644 Si
616 585 688 643 mihi
703 601 765 645 non
782 585 971 644 desideranti
989 586 1091 645 redde-

116 688 182 743 res,
205 672 341 744 ingratus
357 685 461 728 esses:
485 677 597 743 quanto
612 668 758 743 ingratior
773 684 823 742 es,
848 669 901 743 qui
917 669 1092 729 desiderare

117 771 165 813 me
187 753 297 828 cogis?
330 753 500 827 Exspecta:
528 767 623 825 quare
643 752 804 811 subsidere
824 753 909 828 apud
932 759 962 811 te
987 769 1091 813 munus

117 854 216 897 meum
239 853 299 896 nou
320 835 394 894 visi
422 851 516 908 quare
538 835 701 908 obligatum
725 838 853 896 moleste
878 837 970 896 forst
1005 852 1092 911 quare

118 921 206 994 quasi
223 936 289 978 cum
306 919 418 979 acerbo
430 921 602 979 feneratore
614 920 736 993 signare
746 920 894 979 rationem
907 934 1016 994 parem
1027 936 1091 994 pro·

117 1010 231 1077 perast
264 1003 338 1076 quid
358 1002 428 1061 mihi
450 1004 604 1078 negotium
627 1004 770 1078 quaeris?
799 1005 872 1077 quid
894 1003 926 1063 in
947 1019 998 1062 mc
1020 1005 1091 1063 deos

116 1085 263 1146 inmittis?
286 1087 442 1160 quomodo
459 1088 614 1160 exigeres,
638 1089 690 1162 qui
706 1088 751 1146 sic
766 1087 892 1146 reddis?

89 1191 105 1244 1
179 1171 254 1229 xtl.
276 1173 355 1230 Ante
368 1172 468 1231 omniu
480 1187 563 1246 ergo,
579 1171 735 1240 Liberalis,
753 1171 811 1230 hoo
823 1170 992 1244 discamus,
1003 1170 1089 1230 bene·

117 1253 187 1314 ficia
199 1270 307 1314 secure
320 1255 433 1314 debere
445 1262 474 1314 et
485 1255 666 1314 occasiones
678 1255 904 1314 reddendorum
917 1255 1090 1325 observare,

116 1354 176 1398 non
193 1356 284 1398 manu
300 1340 410 1397 lacere.
441 1338 518 1397 hanc
535 1339 633 1412 ipsam
647 1338 842 1411 cupiditatem
857 1336 957 1412 primo
972 1351 1092 1413 quoque

117 1429 254 1496 tempore
275 1421 424 1480 liberandi
446 1437 480 1480 se
501 1420 726 1480 meminerimus
752 1422 860 1495 ingrati
882 1436 965 1480 esse.
1006 1437 1090 1480 nemo

117 1506 197 1564 enirn
212 1507 340 1565 libenter
353 1505 453 1564 reddit
468 1505 552 1581 quod
570 1505 681 1564 invitus
697 1504 801 1577 debet,
823 1512 854 1563 et
866 1505 950 1578 quod
964 1506 1047 1580 apud
1060 1519 1091 1563 se

88 1602 178 1654 onon
199 1590 262 1647 vult
282 1602 369 1659 esse,
392 1603 471 1646 onus
492 1587 607 1647 iudicat
627 1604 713 1661 esse,
739 1605 799 1648 non
815 1605 937 1648 munus.
978 1588 1091 1663 Quanto

117 1672 224 1729 melius
246 1684 282 1728 ac
302 1669 411 1729 iustius
433 1671 461 1727 in
479 1680 620 1745 promptu
635 1672 748 1731 habere
762 1671 868 1733 merita
882 1672 1051 1732 amicorum
1065 1679 1093 1731 et

116 1752 238 1823 offerre,
251 1768 312 1811 uon
324 1752 463 1827 ingerere
475 1770 531 1813 nec
542 1755 717 1815 obaeratum
731 1771 765 1814 se
777 1755 934 1814 iudicaret
950 1756 1091 1830 quoniam

115 1835 298 1895 beneficium
310 1853 471 1896 commune
482 1839 632 1898 vinculum
645 1846 692 1897 est
703 1847 733 1898 et
744 1838 821 1898 inter
833 1854 867 1897 se
878 1839 960 1899 duos
972 1840 1091 1914 adligat

115 1920 186 1978 Dic:
209 1921 279 1979 nihil
295 1938 406 1995 moror,
423 1939 484 1996 quo
497 1922 595 1981 minus
607 1931 692 1982 tuum
706 1928 882 1996 revertatur,
902 1930 977 1996 opto
991 1923 1091 1982 hilaris

116 2005 261 2079 accipias.
291 2005 316 2064 si
336 2006 506 2065 necessitas
526 2005 660 2065 alterutri
675 2013 812 2066 nostrum
827 2004 955 2065 inminet
970 2007 1091 2082 latoque

117 2089 249 2161 quodam
267 2088 369 2147 datum
385 2095 446 2161 est,
471 2096 503 2146 ut
517 2096 568 2148 aut
584 2095 614 2146 tu
626 2091 746 2162 cogaris
759 2088 943 2148 beneficium
954 2090 1092 2165 recipere

116 2176 168 2229 aut
182 2185 239 2242 ego
256 2170 411 2242 accipere,
434 2171 486 2228 det
501 2170 602 2242 potius
615 2174 666 2244 qui
678 2174 766 2232 solet.
797 2173 864 2246 Ego
876 2182 1005 2246 paratus
1017 2189 1091 2234 sum.

393 2256 477 2311 nulla
492 2270 575 2312 mora
588 2258 618 2314 tu
637 2255 735 2315 Turno
746 2263 805 2316 est:

116 2332 277 2393 ostendam
292 2331 373 2393 hunc
388 2335 535 2409 animum,
559 2353 627 2397 oum
642 2340 771 2412 primurn
787 2346 910 2428 tempus
925 2341 1090 2402 advenerit.

115 2414 234 2476 interim
249 2417 278 2474 di
294 2424 389 2478 testes
406 2427 483 2479 sunt.
1112 2426 1115 2431 '

87 2511 102 2562 1
176 2500 264 2560 XLII.
288 2500 395 2576 Soleo,
414 2502 454 2561 mi
465 2503 627 2575 Liberalis,
644 2512 750 2564 notare
762 2505 882 2565 huncin
896 2513 926 2566 te
938 2508 1089 2569 adiectum

69 2615 74 2624 ·
116 2592 144 2644 et
163 2586 251 2659 quasi
266 2602 357 2646 manu
373 2589 524 2660 prendere
540 2589 672 2648 verentis
689 2589 916 2663 damnantis,
932 2606 973 2649 ne
988 2591 1019 2649 in
1032 2593 1088 2651 ullo

115 2669 218 2729 officio
235 2671 278 2728 sis
296 2671 417 2730 tardior.
453 2672 520 2731 Non
533 2671 622 2731 decet
632 2679 751 2746 gratum
763 2673 894 2732 animum
906 2674 1088 2747 sollicitudo,

115 2760 220 2811 contra
242 2769 359 2813 summa
380 2755 492 2814 fiducia
512 2755 560 2815 sui
580 2764 609 2814 et
631 2771 670 2813 ex
691 2755 879 2816 conscientia
898 2758 963 2815 veri
980 2759 1089 2818 amoris

114 2834 241 2894 dimissa
253 2838 351 2894 omnis
365 2839 512 2898 anxietas.
538 2841 611 2897 Tam
623 2839 793 2898 convicium
806 2847 867 2898 est:
890 2839 996 2914 recipe
1010 2841 1090 2916 quod

115 2919 233 2991 [decem
255 2936 360 2992 quam:
388 2922 429 2980 du
449 2923 539 2996 quod]
562 2921 667 2981 debes.
709 2923 776 2982 Hoc
799 2924 929 2997 primunr
951 2923 1089 2984 beneficii

85 3002 175 3059 idati
196 3002 234 3060 sit
254 3002 317 3068 ius,
341 3011 373 3061 ut
392 3005 559 3080 recipiendi
581 3012 701 3078 tempus
723 3006 814 3080 eligat
834 3007 886 3080 qui
904 3006 999 3066 dedit.
1036 3010 1090 3082 „At

114 3100 239 3157 vereor,
256 3101 294 3143 ne
309 3085 448 3145 homines
465 3089 503 3146 de
518 3105 566 3148 me
581 3089 708 3162 sequius
721 3089 916 3163 loquantur.“
940 3089 1023 3151 Male
1035 3091 1091 3166 agit

116 3169 167 3241 qui
190 3170 301 3241 lamae,
325 3185 386 3228 nou
409 3171 614 3231 consolentiae
629 3179 733 3245 gratus
750 3180 806 3232 est.
841 3175 928 3233 Duos
944 3174 1036 3235 istius
1051 3173 1089 3232 rei

114 3250 231 3311 iudices
254 3252 364 3324 habes,
394 3254 490 3325 illum,
520 3261 615 3328 [quem
632 3264 716 3331 potes
733 3256 861 3330 follere,
885 3264 915 3317 et
938 3264 977 3330 te]
1003 3274 1089 3335 quern

114 3351 175 3393 non
200 3342 298 3408 potes.
335 3336 434 3409 „Quid
455 3352 543 3409 ergo,
573 3353 598 3397 si
624 3340 706 3398 nulla
728 3342 924 3400 intervenerit
946 3343 1090 3402 occasiot

114 3434 237 3494 semper
258 3419 425 3484 debebot“
460 3419 604 3479 Debebis:
631 3423 686 3481 sed
702 3424 803 3498 palam
818 3422 964 3501 debebiS,
989 3427 1047 3486 sed
1060 3425 1088 3484 li-
