2346 3832
274 95 326 155 DE
347 93 560 153 BENEFICIIS
583 93 732 151 LIB.V11.
754 100 851 155 4-7.
988 93 1049 155 139

73 248 141 306 illos
154 253 308 320 tamquam
324 253 429 304 auctor
444 245 516 318 sibi,
533 247 607 305 alter
621 253 774 318 tamquam
787 252 906 317 emptor
917 246 1034 307 adserit

74 337 196 389 streete
207 329 369 403 utriusque
381 330 521 388 dicuntur
532 345 613 388 esse.
635 329 793 402 utriusque
805 328 884 386 enim
897 335 975 401 sunl,
992 330 1047 389 sed

73 430 134 473 non
155 408 265 472 eodem
287 412 389 473 modo.
417 411 462 471 sie
485 420 587 486 potest
607 413 638 469 T.
649 412 752 470 Livius
773 413 891 471 oDoro
908 412 1048 485 accipere

74 505 125 557 eut
144 511 247 555 emere
268 496 363 555 libros
385 511 469 556 suos.
509 495 639 555 Possum
660 495 775 555 donare
797 495 941 568 sapienti,
964 495 1077 569 quod2

74 581 182 640 viritim
204 595 304 638 meum
320 586 381 653 est,
403 581 472 638 licet
489 580 567 638 illius
583 579 644 638 sint
658 579 767 638 omnia.
795 594 864 637 nam
880 594 947 638 cum
962 578 1047 652 regio

73 679 157 723 more
184 671 294 723 cuneta
318 663 504 722 conscientia
529 663 706 735 possideat,
738 663 924 737 singularum
949 670 1048 721 autem

73 764 173 806 rerum
188 747 218 805 in
232 762 480 820 unumquemque
494 748 664 819 proprietas
676 748 715 806 sit
726 763 850 821 sparsa,
867 754 897 806 et
908 747 1049 821 accipere

74 832 184 891 munus
200 838 231 889 et
245 829 373 902 debere,
394 837 423 888 el
439 845 540 887 emere
555 837 584 888 et
599 831 772 888 conducere
789 837 898 904 polest.
938 831 1078 900 Caesar3

74 914 176 974 omnia
196 913 301 985 habet,
331 913 426 971 fiscus
448 913 514 972 eius
531 912 649 986 privata
664 920 777 972 tantum
793 930 829 973 ac
845 931 910 973 sua.
940 921 969 973 et
982 913 1048 973 uni·

74 1014 165 1057 verse
178 997 208 1054 in
225 997 353 1070 imperio
369 994 435 1054 eius
449 1004 533 1068 sunt,
558 995 585 1053 in
605 996 784 1068 patrimonio
800 999 934 1071 propria.
971 996 1050 1069 Quid

74 1083 138 1141 eius
155 1082 209 1151 sit,
231 1080 304 1153 quid
320 1095 381 1138 non
397 1080 450 1149 sit,
468 1079 535 1138 sine
547 1077 743 1137 diminutione
755 1078 873 1153 imperii
885 1081 1048 1153 quaeritur.

73 1181 141 1223 nom
158 1165 190 1222 id
206 1179 344 1237 quoque,
369 1163 452 1236 quod
467 1170 620 1237 tamquam
636 1162 767 1220 alienum
779 1161 978 1234 abiudicelur,
996 1162 1048 1220 oli-

72 1256 118 1307 ter
132 1248 213 1306 illius
230 1253 287 1305 est.
325 1245 375 1305 Sic
391 1247 515 1320 sopiens
531 1246 675 1305 universo
691 1245 789 1304 animo
806 1244 961 1319 possidet,
984 1245 1049 1303 iure

74 1347 109 1390 ac
125 1329 261 1390 dominio
277 1341 342 1388 sua.
365 1349 366 1352 ¹

136 1415 202 1472 vll.
230 1413 307 1472 Bion
330 1414 422 1472 modo
440 1429 552 1471 omnes
574 1413 740 1486 sacrilegos
767 1412 952 1487 argumentis
979 1426 1077 1485 esse1

74 1497 201 1572 colligit,
225 1498 318 1557 modo
334 1496 493 1556 neminem.
531 1498 604 1555 Cum
617 1512 721 1555 omnes
735 1498 773 1555 de
786 1513 862 1556 saxo
877 1496 1049 1556 deiecturus

75 1588 136 1654 est,
159 1581 249 1639 dicit:
278 1581 414 1654 Quisquis
427 1581 461 1640 id
466 1627 473 1654 ,
497 1581 577 1654 quod
590 1581 711 1640 deorum
727 1586 782 1653 cst,
806 1585 923 1641 sustulit
935 1589 964 1640 ct
974 1597 1050 1641 cou-

73 1668 197 1740 sumpsit
217 1669 306 1738 utque
327 1668 358 1723 tn
377 1681 462 1724 usum
475 1681 560 1723 suum
573 1667 671 1735 uertit,
695 1666 860 1739 sacrilepus
872 1671 924 1725 est.
951 1668 1051 1725 omnia

74 1755 170 1808 autem
191 1749 313 1807 deorum
327 1754 403 1806 sunt.
431 1749 510 1821 quod
524 1750 646 1821 quisque
660 1763 730 1821 erpo
744 1751 830 1818 tollit,
855 1750 977 1807 deorum
992 1751 1051 1808 tol-

74 1835 121 1905 lit,
142 1847 266 1905 quorum
286 1835 385 1890 omnia
404 1837 492 1890 suut:
515 1847 586 1903 erpo
606 1832 736 1903 quisquis
756 1833 828 1889 tollit
841 1831 969 1903 aliquid,
994 1847 1051 1888 su-

74 1919 204 1988 crilepus
224 1922 275 1974 est.
309 1914 442 1984 Delude,
466 1930 533 1972 cum
556 1912 675 1986 effringi
692 1913 805 1986 templa
820 1920 849 1973 et
864 1913 990 1985 expilari
1006 1913 1079 1978 ine

75 2014 156 2073 pune
173 1997 354 2072 Capitolium
369 1996 465 2068 iuloet,
485 1997 557 2055 dicit
570 2000 683 2056 nullum
696 2000 873 2070 socrdepuu
887 2014 958 2057 esse.
980 1999 1050 2071 quia

75 2082 217 2156 quicquid
236 2083 380 2141 sublatum
400 2086 456 2153 est,
483 2098 523 2140 ex
546 2097 580 2140 eo
599 2084 675 2153 loco,
701 2084 754 2154 pul
772 2082 893 2140 deorum
913 2086 992 2153 crat,
1019 2083 1051 2139 r'n

74 2182 139 2224 cum
160 2164 345 2237 transfertur
358 2167 467 2236 locum,
489 2167 541 2237 qut
555 2166 676 2223 deorum
689 2171 741 2225 est.
775 2165 831 2223 Hic
846 2165 1079 2240 respondetur3

76 2249 177 2307 omnia
193 2248 316 2320 quidem
331 2248 458 2306 deorum
473 2263 558 2319 esse,
578 2249 710 2307 sednon
726 2249 826 2307 omnia
841 2250 888 2308 dis
901 2249 1050 2308 dedicato.

74 2331 103 2390 in
130 2331 180 2390 his
201 2330 359 2390 observari
384 2328 595 2404 sacrilegium,
624 2347 703 2406 quae
727 2333 832 2405 religio
858 2332 972 2390 numini
998 2331 1050 2388 ad-

75 2413 209 2489 scripsit.
239 2413 284 2473 sic
299 2422 329 2473 el
345 2421 440 2474 totum
461 2415 606 2473 mundum
620 2416 748 2474 deorum
763 2431 834 2473 esse
848 2413 1051 2472 inmortalium

73 2499 236 2572 templum,
261 2499 359 2556 solum
377 2497 500 2571 quidem
517 2499 713 2572 amplitudine
728 2497 848 2555 illorum
863 2512 899 2554 ac
913 2495 1052 2569 magnifi-

75 2582 174 2641 centia
190 2581 329 2654 dignum,
354 2588 494 2640 ettamen
511 2598 528 2640 a
543 2583 639 2640 sacris
655 2582 783 2655 prolana
799 2579 931 2639 discerni
946 2587 976 2638 et
991 2595 1051 2638 non

75 2665 178 2724 omnia
199 2664 291 2722 licere
312 2664 341 2722 in
362 2667 489 2738 angulo,
516 2664 564 2723 eui
585 2666 645 2723 lani
671 2679 781 2723 nomen
806 2663 973 2738 inpositum
995 2673 1051 2737 est,

77 2763 156 2822 quac
182 2747 241 2806 sub
264 2749 349 2808 coelo
371 2756 400 2806 et
421 2756 589 2821 conspectu
615 2747 750 2806 siderum
774 2748 874 2806 licent.
910 2748 1052 2807 Iniuriam

76 2830 247 2905 sacrilegus
269 2832 328 2889 deo
352 2831 474 2905 quidem
496 2849 556 2890 non
578 2839 680 2905 potest
705 2832 821 2903 lacere,
850 2847 941 2906 quem
966 2839 1054 2891 extra

75 2916 167 2975 ictum
189 2931 247 2973 sua
268 2913 409 2974 divinitas
432 2915 548 2988 posuit,
572 2915 629 2974 sed
650 2915 786 2989 punitur,
811 2915 882 2989 quia
899 2922 1053 2990 tamquam

76 2999 134 3058 deo
157 2999 249 3056 iecit:
279 2998 382 3072 opinio
403 2997 485 3057 illum
508 3006 613 3057 nostra
638 3014 674 3057 nc
700 3015 757 3058 sua
784 3001 898 3074 obligat
924 3014 1052 3074 poenae.

76 3081 238 3154 Quomodo
261 3096 334 3155 ergo
350 3082 519 3154 sacrilegus
534 3080 669 3154 videtur,
691 3084 743 3157 qui
758 3084 873 3158 aliquid
889 3085 987 3142 aulert
1005 3088 1085 3141 sa-4

77 3164 1052 3240 mmmfflmfflmmmmmmmm

76 3255 121 3307 tra
133 3249 282 3307 terminos
298 3255 345 3306 est
357 3247 475 3306 mundi:
499 3249 543 3306 sic
555 3257 585 3307 et
597 3247 727 3321 sapienti
740 3251 850 3308 furtum
864 3245 1052 3321 potestfieri.

77 3333 231 3391 auferetur
247 3331 326 3390 enim
345 3331 387 3389 illi
403 3347 463 3390 non
479 3331 594 3404 cultio,
619 3348 697 3405 quoe
712 3331 856 3390 universa
870 3329 975 3397 habet,
997 3326 1054 3384 sed

78 3428 115 3472 ex
135 3415 199 3490 his,
229 3413 343 3490 quibus
366 3413 508 3473 dominus
531 3415 695 3488 inscriptus
717 3421 779 3485 est,
803 3427 881 3484 quae
901 3407 1009 3474 viritim
1025 3407 1055 3465 ei
