2364 3840
274 178 328 240 DE
340 176 554 239 Bunumcsss
576 178 727 239 LIB.VII.
749 184 879 241 14-16.
1008 175 1070 242 145

90 344 149 393 nae
163 329 237 402 fult,
260 335 290 389 et
314 344 439 405 semper
452 336 559 390 contra
573 331 726 391 fortunam
740 332 854 390 luctata
868 329 965 390 virtus
979 331 1070 391 etiam

90 415 167 475 citra
187 412 332 474 effectum
352 413 506 489 propositi
527 414 632 488 operis
656 414 772 473 enituit.
808 412 881 474 Plus
909 415 1069 489 praestitit,

88 497 141 575 qui
156 495 310 572 fugientes
323 497 504 557 occasiones
520 505 644 558 secutus
661 505 708 558 est
722 504 753 558 et
766 496 826 557 alia
839 504 933 573 atque
946 497 1006 556 alia
1021 513 1071 557 ca-

87 578 203 658 plavit,
227 596 285 655 per
309 596 389 655 quae
411 581 528 641 reterre
555 582 684 656 gratiam
710 589 832 656 posset,
860 596 950 656 quam
979 596 1070 656 quem

86 666 158 726 siue
171 664 235 725 ullo
253 664 368 724 sudore
382 672 502 738 matum
517 666 615 738 prima
630 667 701 726 lecit
716 664 850 727 occasio.
878 665 1005 740 „Duas‚
1026 663 1069 724 iu·
1085 670 1103 724 3

85 749 169 824 quit,
193 763 246 808 res
270 747 321 808 ille
340 748 394 808 tibi
417 748 580 822 praestitit,
602 751 787 812 voluntatem
802 756 832 809 et
846 765 926 810 rem:
948 756 981 809 tu
996 764 1072 824 quo·

86 847 151 908 que
173 831 217 890 illi
239 831 318 891 duas
340 830 468 894 debes.“
497 831 605 892 Merito
629 834 710 893 istud
735 834 856 894 diceres
876 832 920 905 ei,
945 831 997 908 qui
1018 833 1071 893 tibi

82 913 223 975 reddidit
243 916 431 975 voluntatem
453 916 597 975 otiosam:
625 916 695 975 huic
717 931 791 976 vero
809 917 946 990 [debes],
969 918 1021 992 qui
1043 923 1073 975 et

82 999 153 1059 vuit
166 1005 198 1058 et
213 1003 341 1058 conatur
352 1006 382 1058 et
395 997 468 1057 nihil
483 999 690 1073 intemptatum
705 999 856 1074 relinquit,
872 1006 924 1073 [et]
939 1016 999 1059 non
1015 1016 1072 1076 po-

82 1090 134 1142 tes
153 1081 268 1141 dicere.
294 1089 457 1156 utrumque
478 1083 558 1141 enim
580 1089 730 1156 praestat,
752 1089 897 1156 quantum
919 1084 948 1141 in
966 1099 1001 1142 se
1016 1091 1072 1144 est.

81 1164 205 1226 Deinde
220 1181 282 1225 non
298 1179 422 1239 semper
436 1181 562 1225 numero
577 1181 722 1225 numerus
738 1166 918 1240 aequandus
936 1172 993 1224 est.
1018 1168 1071 1225 ali·
1085 1174 1103 1226 4

84 1248 213 1324 quando
234 1264 297 1308 una
317 1263 368 1307 res
390 1263 446 1322 pro
466 1249 587 1309 duabus
608 1251 702 1308 valet:
723 1247 828 1324 itaque
852 1247 883 1307 in
904 1249 1006 1307 locum
1026 1249 1071 1308 rei

83 1330 229 1392 succedit
259 1338 321 1392 tam
352 1347 510 1406 propensa
538 1334 680 1393 voluntas
710 1339 740 1392 et
770 1329 883 1407 cupida
909 1331 1070 1391 reddendi.

84 1415 206 1488 Quodsi
223 1416 342 1474 animus
358 1415 425 1475 sine
439 1431 472 1475 re
487 1416 527 1475 ad
541 1417 732 1477 referendam
754 1413 881 1490 gratiam
902 1431 963 1474 non
979 1415 1069 1488 valet,

83 1514 177 1560 nemo
199 1498 350 1559 adversus
372 1499 449 1559 deos
471 1507 576 1574 gratus
596 1508 658 1575 est,
685 1499 715 1559 in
738 1517 818 1576 quos
839 1499 983 1559 voluntas
1005 1501 1070 1559 sola

83 1584 251 1643 confertur.
274 1629 291 1656 „
300 1581 369 1657 Dis,
385 1583 497 1658 inquit,
513 1584 586 1642 nihil
600 1584 682 1645 aliud
698 1592 855 1658 praestare
871 1587 1070 1659 possumus.“
1086 1586 1102 1638 5

83 1666 150 1727 Sed
177 1666 204 1726 si
229 1665 300 1726 huic
324 1682 465 1742 quoque,
491 1668 540 1727 cui
564 1669 678 1727 referre
707 1670 833 1742 gratiam
858 1669 973 1741 debeo,
997 1667 1070 1726 nihil

82 1748 168 1810 aliud
189 1758 349 1826 praestare
368 1766 512 1825 possum,
537 1751 611 1826 quid
632 1758 693 1823 est,
715 1768 811 1824 quare
832 1768 892 1811 non
909 1767 946 1812 eo
962 1753 1070 1811 adver·

82 1849 140 1915 sus
154 1832 311 1895 hominem
325 1840 430 1908 gratus
447 1835 520 1907 sim,
542 1850 603 1908 quo
619 1833 692 1891 nihii
707 1835 837 1907 amplius
853 1835 882 1892 in
903 1834 980 1893 deos
997 1851 1069 1892 con-

83 1918 179 1979 teror

146 2000 228 2061 XVI.
257 2000 290 2061 Si
310 2008 411 2062 umen
435 2000 509 2075 quid
529 2000 657 2060 sentiam
685 2000 807 2075 quaeris
830 2006 860 2058 et
880 1999 926 2058 vis
948 1998 1100 2072 signaret

82 2100 288 2160 responsum:
316 2084 365 2145 hic
385 2083 568 2144 beneficium
583 2084 743 2158 recepisse
766 2098 801 2143 se
820 2083 949 2157 iudicet,
970 2083 1021 2142 ille
1036 2097 1071 2142 se

82 2169 164 2230 sciat
182 2184 246 2229 non
266 2167 451 2228 reddidisse.
483 2168 540 2228 Hic
560 2168 644 2227 illum
666 2168 810 2242 dimittat,
835 2166 886 2226 ille
909 2183 943 2227 se
959 2174 1069 2227 teneat.

82 2252 134 2311 hio
154 2251 251 2312 dicat:
273 2251 389 2325 habeo,
405 2251 456 2310 ille
472 2251 673 2326 respondeat:
695 2252 804 2313 debeo.
828 2252 861 2312 In
878 2253 959 2313 omni
976 2256 1102 2327 quae-2

82 2334 186 2396 stione
198 2336 390 2410 propositum
406 2335 445 2395 sit
458 2335 547 2395 nobis
558 2334 673 2395 boumn
685 2337 848 2411 publicum.
870 2337 1070 2412 praecluden-

82 2419 143 2480 dae
172 2425 244 2479 sunt
269 2419 484 2478 excusationes
510 2419 651 2494 ingratis,
677 2420 717 2480 ad
744 2437 821 2495 quas
845 2421 988 2493 reingere
1007 2435 1069 2477 non

82 2501 208 2579 possint
221 2509 252 2562 et
271 2502 327 2562 sub
345 2502 456 2576 quibus
472 2502 678 2562 infitiationem
693 2519 781 2564 suam
795 2511 908 2574 tegere.
942 2501 1070 2572 „Omnia

82 2585 174 2646 καῖέ(
207 2585 269 2646 Fac
285 2586 464 2646 etiamnunc.
494 2585 594 2658 Quid?
615 2595 647 2646 tu
661 2595 721 2646 tam
737 2584 936 2660 inprudentes
952 2583 1098 2642 iudicas3

81 2670 217 2731 maiores
231 2676 356 2730 nostros
372 2671 483 2742 luisse,
499 2677 607 2729 utnon
622 2671 832 2743 intellegerent
843 2665 1068 2740 iniquissimum

82 2769 157 2814 esse
171 2754 281 2814 eodem
298 2755 368 2814 loco
382 2753 488 2812 haberi
505 2769 588 2827 eum,
606 2755 658 2827 qui
671 2750 845 2826 pecuniam,
864 2767 955 2825 quam
971 2765 989 2808 a
1004 2766 1068 2809 ore-

82 2835 185 2897 ditore
200 2844 370 2911 acceperat,
386 2837 510 2896 libidine
529 2843 582 2897 aut
596 2837 664 2896 alea
678 2835 859 2910 absumpsit,
877 2843 907 2894 et
921 2852 999 2906 eum,
1016 2835 1069 2910 qui

82 2921 227 2981 incendio
248 2927 299 2980 aut
319 2920 478 2981 latrocinio
506 2929 557 2981 aut
583 2921 685 3003 aliquo
713 2935 789 2979 casu
813 2920 944 2981 tristiore
970 2920 1069 2978 aliena

82 3020 153 3064 cum
170 3005 235 3065 suis
256 3005 408 3080 perdidit?
428 3006 541 3065 nullam
562 3001 795 3063 excusationem
814 3011 1012 3080 receperunt,
1036 3010 1069 3062 ut

83 3087 223 3150 homines
245 3091 359 3149 scirent
379 3089 470 3148 fidem
491 3090 597 3162 utique
619 3089 843 3162 praestandam.
878 3090 972 3148 satius
989 3088 1069 3147 enim

82 3180 147 3233 erat
162 3189 181 3232 a
196 3172 304 3248 paucis
320 3174 408 3233 etiam
422 3173 532 3233 iustam
544 3177 773 3232 excusationem
790 3189 851 3232 non
863 3173 960 3246 accipi
979 3187 1069 3246 quam

82 3257 122 3316 ab
138 3257 282 3317 ominibus
298 3257 431 3331 aliquam
445 3256 595 3331 temptari.
620 3256 727 3316 Omnia
742 3257 840 3316 iecisti
857 3264 890 3316 ut
902 3256 1096 3316 redderes=4

81 3339 142 3401 hoc
156 3339 199 3399 illi
214 3340 289 3400 satis
304 3341 358 3414 sit,
375 3341 427 3401 tibi
450 3357 566 3415 parum.
591 3357 661 3400 nam
682 3341 938 3415 quemadmodum
954 3337 1018 3410 ille,
1041 3336 1068 3395 si

82 3423 206 3484 enixam
221 3431 251 3483 et
262 3425 400 3484 sedulam
416 3440 541 3500 operam
556 3424 686 3485 transire
700 3440 756 3498 pro
771 3422 862 3482 inrita
876 3423 1001 3497 patitur,
1018 3417 1067 3479 cui

81 3508 181 3583 gratia
200 3507 349 3579 referatur
369 3510 512 3583 indignus
533 3515 594 3582 est,
619 3509 660 3569 ita
679 3515 712 3567 tu
733 3509 869 3580 ingratus
885 3521 934 3577 es,
956 3501 1067 3577 nisisi,

125 3608 229 3648 eunucu
242 3610 312 3649 rnre.
328 3597 358 3651 llv
868 3597 901 3648 10
