2364 3840
118 181 181 244 300
389 182 423 240 L.
444 180 591 239 ANNAEl
615 179 790 240 SENECAE

93 343 102 391 t
178 335 216 392 V.
238 334 306 393 Uta
319 333 466 407 proximis
480 332 647 392 mendaciis
659 332 816 407 incipiam,
832 331 941 392 lalsum
952 338 1001 390 est
1013 332 1095 390 laces

118 426 148 477 ct
168 417 270 477 trabes
290 417 410 477 turbine
432 415 570 491 exprimi.
599 416 688 475 turbo
709 417 788 482 enim
809 416 890 475 circa
909 424 1009 475 terras
1023 430 1094 475 con-

118 503 227 576 cipitur
248 508 278 560 el
299 503 392 561 lcrtur
409 500 541 574 ideoque
557 500 681 559 arbusta
694 500 840 559 radicitus
855 500 940 560 vellit
953 506 997 571 et,
1022 515 1093 573 qua-

119 600 251 659 cumque
271 586 420 657 incubuit,
447 586 547 643 solum
568 584 676 656 nudat,
706 584 802 643 silvas
823 581 941 642 interim
962 590 994 642 et
1018 591 1096 642 tecta

119 670 305 742 corripiens,
330 669 454 728 inlerior
469 669 531 727 lere
543 667 689 739 nubibus,
703 667 808 742 utiquc
819 683 985 742 numquam
997 668 1096 727 altior.

119 762 149 813 at
164 761 270 812 contra
284 753 386 812 trabes
402 752 511 811 editior
526 767 598 825 pars
614 752 692 812 coeli
707 758 854 811 ostentat:
876 752 916 810 ita
932 767 1096 826 numquam

91 836 250 897 anubibus
266 837 457 896 obstiterunt.
489 834 651 894 Praeterea
665 835 754 895 turbo
770 835 852 896 omni
865 834 947 895 nube
959 835 1096 895 velocius

118 920 234 994 rapitur
254 927 285 979 et
303 919 333 978 in
356 917 461 978 orbern
476 920 608 978 vertitur.
638 934 732 994 saper
750 920 810 978 ista
825 919 972 978 velociter
987 918 1097 978 desinit

118 1013 148 1063 et
166 1005 234 1077 ipse
257 1018 291 1061 se
312 1004 342 1061 vi
358 1018 414 1063 sua
427 1004 548 1077 rumpit.
578 1003 680 1063 trabes
694 1011 794 1063 autem
810 1019 871 1063 non
886 1010 1097 1062 transcurrunt

119 1103 175 1145 nec
191 1088 418 1160 praetervolant
433 1095 465 1147 ut
478 1089 578 1159 laces,
596 1087 653 1146 sed
669 1094 886 1147 conmorantur
900 1093 931 1146 el
944 1085 975 1145 in
988 1087 1095 1146 eadem

89 1170 197 1230 3coeli
217 1178 303 1245 parte
325 1171 496 1231 conlucent.
535 1170 740 1230 Charmander
762 1185 887 1246 quoque
906 1170 936 1228 in
953 1184 992 1229 eo
1008 1171 1095 1243 libro,

120 1271 209 1327 quem
222 1255 261 1313 de
275 1255 401 1315 cometis
414 1253 585 1329 conposuit,
601 1254 642 1313 ait
655 1255 859 1328 Anaxagorae
870 1253 969 1313 visum
980 1255 1096 1328 grande

118 1335 335 1413 insolitumque
355 1339 442 1398 coelo
461 1340 560 1398 lumen
576 1339 783 1411 magnitudine
798 1338 919 1413 amplae
934 1336 1039 1396 trabis.
1067 1345 1096 1396 et

118 1423 149 1481 id
172 1437 225 1495 per
239 1425 350 1482 multos
365 1423 432 1481 dies
449 1422 573 1482 fulsisse
588 1420 788 1482 Callisthenes
803 1422 908 1493 tradit,
931 1426 1095 1496 antequam

89 1506 209 1564 lssurin
231 1513 261 1564 et
280 1507 405 1565 Helicen
428 1521 519 1563 mare·
531 1504 745 1566 absconderet.
780 1505 963 1565 Aristoteles
977 1506 1020 1566 ait
1035 1523 1093 1566 non

118 1589 232 1648 trabem
254 1590 350 1662 illam,
374 1589 430 1648 sed
453 1595 592 1647 cometen
612 1587 726 1648 luisse:
756 1597 891 1649 ceterum
912 1588 953 1648 ob
971 1587 1094 1648 nimium

117 1673 259 1732 ardorem
274 1690 335 1733 non
350 1673 533 1748 adparuisse
548 1688 690 1746 sparsum
705 1673 821 1746 ignem,
836 1672 894 1731 sed
909 1672 1095 1747 procedente

118 1763 270 1828 tempore,
294 1771 363 1816 eum
382 1756 441 1816 iarn
464 1756 563 1815 minus
585 1755 743 1830 flagraret,
763 1756 912 1816 redditam
935 1772 1023 1816 suam
1044 1773 1093 1817 co·

118 1846 215 1898 metae
238 1838 355 1900 ficiem.
391 1841 423 1899 ln
446 1857 507 1914 quo
534 1840 604 1914 igne
629 1840 721 1899 multa
743 1840 865 1915 quidem
892 1840 980 1900 luere
1004 1840 1095 1915 digna

120 1940 198 1998 quae
222 1932 410 1997 rotarentur,
433 1924 506 1983 nihil
520 1932 619 1982 tamen
634 1924 747 1998 magis,
771 1940 861 1998 quam
877 1925 977 1999 quod,
999 1932 1033 1984 ut
1046 1925 1094 1984 ille

119 2008 201 2066 lulsit
220 2006 249 2066 ir
271 2010 373 2079 coelo,
397 2009 496 2068 statim
517 2024 613 2082 supra
632 2008 726 2067 Burin
742 2015 772 2067 et
787 2008 912 2067 Helicen
928 2022 1013 2067 mare
1031 2007 1092 2068 luit.

88 2091 271 2165 sNumquid
291 2108 364 2166 ergo
386 2092 569 2151 Aristoteles
590 2107 652 2150 non
667 2092 748 2150 illam
762 2098 892 2165 tantum,
915 2093 972 2151 sed
988 2107 1092 2152 omnes

116 2175 219 2232 trahes
245 2183 380 2235 cometas
403 2191 475 2234 esse
497 2175 655 2246 credebat,
679 2175 758 2235 hanc
779 2176 930 2237 habentes
951 2173 1092 2236 differen-

117 2258 202 2327 tiam,
219 2258 303 2329 quod
318 2258 366 2317 his
380 2258 542 2318 continuus
558 2259 636 2333 ignis
652 2266 713 2332 est,
732 2259 841 2320 ceteris
857 2266 1009 2335 sparsus?
1034 2267 1092 2319 tra·

116 2340 171 2400 bes
188 2341 267 2399 enim
282 2339 434 2400 flammam
450 2343 609 2416 aequalem
624 2343 737 2402 habent
750 2359 807 2403 nec
822 2344 883 2404 ullo
897 2343 990 2403 modo
1004 2344 1091 2404 inter-

117 2424 240 2483 missam
256 2432 307 2485 aut
321 2425 510 2499 languidam,
533 2426 562 2484 in
579 2425 691 2486 ultimis
705 2442 778 2486 vero
794 2426 933 2501 partibus
945 2435 1091 2500 coactam,

116 2510 238 2582 qualem
258 2508 356 2570 luisse
377 2509 406 2568 in
428 2508 494 2582 illa,
517 2509 556 2568 de
578 2526 639 2583 qua
653 2511 746 2570 modo
761 2511 866 2582 retuli,
889 2509 1090 2571 callisthenes

114 2593 212 2651 tradit.

86 2681 101 2732 1
174 2675 226 2734 Vl.
248 2677 371 2750 „I)uo,
395 2675 749 2752 inquitiipigenes,
773 2683 1007 2738 cometarum
1027 2694 1090 2754 ge-

114 2774 206 2817 nera
225 2768 332 2819 suntz
361 2759 412 2819 alii
433 2761 574 2820 ardorem
591 2760 728 2835 undique
744 2759 904 2821 effundunt
919 2777 976 2822 nec
989 2763 1090 2823 locum

114 2849 237 2900 mutant.
261 2844 310 2902 alii
326 2844 356 2902 in
372 2861 462 2903 unam
479 2852 597 2919 partem
612 2842 712 2919 ignem
726 2859 838 2918 vagum
853 2843 882 2903 in
898 2846 1026 2906 modum
1040 2863 1090 2907 co·

113 2940 181 2982 mae
197 2927 355 3000 porrigunt
368 2935 399 2987 et
412 2930 517 2988 stellas
533 2930 769 3002 praetermeant,
785 2930 907 3003 (quales
918 2928 981 2990 duo
992 2936 1091 2990 aetate

113 3015 218 3066 nostra
239 3009 296 3068 visi
317 3015 412 3082 sunt.)
451 3012 495 3071 llli
517 3012 634 3087 priores
657 3012 752 3072 criniti
772 3011 911 3086 undique
930 3019 963 3073 et
985 3013 1091 3074 inmoti

112 3091 242 3152 humiles
264 3094 327 3151 lere
349 3102 419 3154 sunt
439 3103 469 3154 et
488 3094 586 3155 isdem
602 3096 720 3166 causis,
744 3094 856 3171 quibus
871 3097 976 3156 trabes
991 3097 1091 3157 laces·

114 3193 190 3250 que,
214 3176 395 3249 conflantur,
411 3194 450 3236 ex
465 3179 643 3253 intemperie
659 3177 738 3239 aeris
753 3178 866 3241 turbidi
877 3181 973 3240 multe
984 3194 1091 3241 secum

83 3259 197 3319 darida
217 3261 405 3337 humidaque
424 3261 513 3322 terris
535 3262 676 3322 exhalata
698 3263 858 3324 versantis.
887 3269 992 3338 potest
1009 3264 1090 3324 enim

111 3344 237 3418 spiritus
259 3361 315 3419 per
337 3351 466 3418 angusta
488 3347 582 3405 elisus
604 3346 774 3406 accendere
794 3362 889 3421 supra
903 3362 940 3408 se
955 3347 1090 3423 positum

111 3431 198 3502 aera,
222 3428 345 3503 plenum
366 3427 515 3487 alimentis
536 3429 655 3488 idoneis
677 3429 753 3503 igni,
781 3430 893 3490 deinde
914 3433 1091 3506 propellere
