2364 3840
281 224 332 286 DE
352 223 566 284 BENEFICIIS
587 224 659 282 LIB.
673 225 724 282 IV.
745 231 878 286 38-30.
1027 223 1068 285 85

91 386 140 440 tas
155 377 237 450 eius,
260 377 309 436 cui
330 376 439 436 debeo.
470 375 545 451 quid
566 377 646 435 enim
660 376 725 450 regi
740 393 872 451 pauper,
897 379 970 451 quid
985 381 1101 440 divitia

89 462 235 534 reddam,
249 460 355 534 utique
367 475 435 519 curn
449 460 572 534 quidam
586 461 724 535 recipere
736 460 918 519 beneficium
931 462 1069 522 iniuriam

90 544 226 605 indicent
250 551 280 602 et
302 542 454 603 beneficia
478 541 610 602 subinde
635 543 703 602 aliis
731 542 889 605 beneficiis
919 552 1070 606 onerente

91 627 166 703 quid
176 624 312 700 'amplius
327 627 356 686 in
370 625 480 686 horum
492 641 625 700 persona
640 642 766 700 possum
784 643 873 701 quam
888 628 986 687 velles
1012 643 1070 686 neo

90 712 171 770 enim
192 709 262 769 ideo
282 710 466 769 beneficium
487 725 599 770 novum
619 710 736 770 reicere
758 711 873 784 debeo,
897 711 971 786 quia
992 728 1068 771 non«

91 795 164 854 dum
185 794 271 869 prius
284 792 416 853 reddidi.
448 791 605 867 Accipiam
623 801 682 853 tarn
697 794 826 853 libenter
841 811 933 868 quam
947 794 1069 856 dabitur

90 886 121 938 et
145 876 301 952 praebebo
326 892 375 936 me
399 877 496 936 amico
523 891 591 934 meo
617 879 808 936 exercendae
828 877 972 938 bonitatis
993 894 1069 938 suae

90 975 237 1036 capacem
252 961 418 1021 materiam.
446 960 499 1034 qui
513 976 593 1019 nova
608 961 747 1034 accipere
762 977 823 1020 non
839 964 916 1034 vult,
933 963 1068 1036 acceptis

90 1043 265 1105 offenditur.
296 1044 363 1104 Non
389 1045 488 1102 refero
510 1043 650 1116 gratiam:
675 1043 747 1117 quid
768 1044 808 1101 ad
831 1052 916 1103 rem?
941 1062 1000 1105 non
1023 1052 1102 1104 este

90 1144 146 1204 per
161 1143 211 1188 me
225 1143 326 1198 mora,
342 1128 369 1186 si
384 1133 436 1187 aut
451 1125 575 1187 occasio
590 1125 662 1183 mihi
677 1126 764 1184 deest
779 1134 830 1185 aut
845 1129 983 1188 facultas.
1015 1130 1068 1188 lile

90 1211 242 1286 praestitit
256 1209 344 1282 mihi,
367 1226 478 1284 nempe
493 1225 561 1268 curn
577 1209 773 1268 occasionem
787 1208 926 1284 haberet,
943 1228 1010 1271 cum
1025 1214 1068 1271 fa-

90 1297 248 1355 cultatem:
280 1302 379 1354 utrum
404 1294 504 1354 bonus
527 1293 572 1351 vir
594 1299 640 1350 est
655 1309 693 1350 an
708 1295 828 1350 malas?
858 1295 940 1366 apud
955 1295 1069 1354 bonum

69 1448 72 1453 .
89 1378 189 1438 virum
201 1378 314 1438 bonam
329 1394 453 1436 causam
468 1376 582 1449 habeo,
604 1376 685 1450 apud
701 1377 810 1434 malum
826 1393 887 1436 non
906 1392 973 1450 ago.
1005 1377 1068 1436 Nec
1082 1385 1101 1438 4

87 1461 165 1522 illud
177 1461 301 1535 quidem
312 1460 453 1544 cnistimo
468 1461 654 1532 laciendum,
668 1465 700 1518 ut
711 1460 825 1518 reterre
837 1460 963 1534 gratiam
979 1461 1069 1519 etiam

88 1543 193 1605 invitis
213 1543 278 1616 1115,
306 1543 416 1619 quibus
431 1546 574 1613 retertur,
601 1557 801 1618 properemus
817 1551 846 1602 et
860 1544 1005 1603 instemus
1022 1560 1068 1603 re-

89 1627 291 1688 cedentibus:
323 1644 382 1687 non
400 1636 448 1687 cst
461 1628 576 1686 referre
591 1628 736 1700 gratiam,
760 1628 843 1701 quod
858 1631 966 1688 volens
981 1643 1069 1687 acce·
1106 1635 1110 1638 ’

88 1710 191 1786 peris,
217 1713 330 1771 nolenti
351 1712 491 1770 reddere.
526 1710 668 1783 Quidam,
696 1726 764 1769 cum
780 1712 905 1786 aliquod
922 1712 981 1770 illis
997 1711 1068 1771 mis·

88 1810 160 1855 sum
176 1800 225 1854 est
243 1798 471 1867 munusculum,
493 1794 624 1852 subinde
645 1794 727 1851 aliud
741 1793 953 1868 intempestive
969 1795 1069 1854 remit«

91 1886 157 1937 tunt
182 1885 212 1937 ct
237 1877 308 1937 nihil
334 1895 369 1937 se
391 1879 503 1937 debere
528 1883 697 1936 testanturz
729 1877 875 1936 reiciendi
898 1893 996 1950 genus
1022 1886 1069 1937 est

92 1961 232 2039 protinus
253 1963 335 2021 aliud
356 1962 486 2022 invicem
502 1959 618 2018 mittere
639 1966 668 2016 et
683 1975 792 2018 munus
808 1975 934 2019 munere
950 1976 1068 2033 expun-

88 2059 173 2119 gere.
196 2045 371 2119 Aliquando
386 2052 416 2104 et
427 2061 486 2104 non
502 2043 630 2101 reddam
640 2041 837 2114 beneficium,
855 2058 923 2102 cum
940 2043 1066 2116 possim.
1082 2055 1099 2107 5

90 2129 239 2204 quando?
270 2129 296 2187 si
315 2130 385 2204 plus
405 2128 478 2188 mihi
499 2128 689 2187 detracturus
710 2141 763 2185 ero
779 2142 870 2201 quam
885 2126 926 2185 illi
943 2128 1067 2203 collatu-

89 2227 161 2285 ruS,
184 2213 211 2271 si
231 2212 281 2271 ille
296 2228 356 2272 non
373 2214 429 2272 erit
444 2226 592 2270 sensurus
608 2210 699 2268 ullam
717 2210 927 2270 accessionem
943 2216 1068 2285 recepto

89 2311 144 2368 eo,
173 2310 235 2370 quo
262 2297 383 2356 reddito
410 2295 483 2355 mihi
514 2296 640 2354 multum
666 2294 883 2355 abscessurum
910 2295 975 2353 erit.
1013 2294 1068 2368 Qui

90 2380 218 2439 festinat
237 2380 343 2453 utique
364 2381 509 2452 reddere,
534 2395 593 2438 non
615 2376 707 2436 habet
729 2379 859 2439 animum
881 2379 957 2452 grati
972 2377 1068 2438 homi-

90 2461 156 2535 nia,
172 2463 229 2522 sed
244 2462 406 2536 debitoriS,
422 2471 451 2522 et
466 2461 657 2534 utbreviter,
674 2462 726 2535 qui
737 2461 826 2521 nimis
842 2463 926 2535 cupit
937 2462 1067 2533 solvere,

89 2540 204 2607 invitus
222 2544 323 2608 debet.
358 2547 410 2622 qui
423 2545 536 2606 invitus
552 2545 658 2618 debet,
673 2544 809 2618 ingratus
824 2550 881 2604 cst
