2364 3840
320 207 371 267 nu
390 207 603 268 sunericus
627 166 838 276 11111111.
1030 208 1071 272 ot

92 359 243 432 omnium,
269 359 400 418 maxime
426 359 610 434 potentium,
637 359 742 420 maluit
766 359 808 419 iiii
828 368 937 421 nasute
958 376 1072 435 negare

94 459 185 518 quam
209 441 426 502 contumaciter
446 450 498 502 aut
511 445 662 518 superbe:
686 444 761 503 dixit
776 459 811 503 se
827 445 908 503 nolle
922 442 1073 503 beneficia

91 527 132 586 ab
156 542 195 587 eo
217 526 374 601 accipere,
396 527 444 585 cui
465 543 528 586 non
549 534 658 602 posset
678 527 764 602 paria
787 527 928 587 reddere.
963 527 1074 587 Timuit

92 612 242 683 tortasse,
262 625 300 668 ne
321 617 482 684 cogeretur
504 611 660 685 accipere,
683 627 762 686 quae
778 612 879 671 noliet.
907 610 1017 684 timuit,
1033 626 1073 669 ne

93 693 169 769 quid
183 693 339 767 indignum
351 692 479 754 Socrate
495 694 657 768 acciperet.
686 696 773 755 Dicet
786 695 912 769 aliquis:
935 741 951 768 „
961 699 1104 769 negas-t

91 784 156 850 set,
173 775 200 836 si
216 777 336 836 veliet.“
360 775 422 836 Sed
438 777 615 852 instigasset
629 779 658 836 in
675 794 709 837 se
726 793 828 852 regem
844 779 1024 838 insolentem
1042 785 1074 836 et

91 861 195 922 omnia
215 875 273 919 sim
292 876 401 934 magno
423 861 576 921 aestimari
592 863 753 921 volentem.
782 862 853 920 nihii
870 862 987 920 adrem
1003 878 1072 937 per-

90 944 181 1017 tinet,
197 950 296 1003 utrnm
311 945 385 1002 dare
396 944 509 1018 aiiquid
521 946 586 1018 regi
599 945 677 1004 nolis
693 962 730 1003 an
744 946 884 1019 accipere
899 961 917 1003 a
931 961 1018 1020 rege:
1042 945 1072 1003 in

90 1043 194 1103 aequo
221 1034 382 1101 utrumque
409 1029 495 1102 ponit
518 1030 690 1103 repulsam,
724 1035 753 1087 et
780 1028 915 1102 superbo
943 1028 1072 1088 fastidiri

90 1110 237 1171 acerbius
250 1118 297 1170 est
310 1127 400 1184 quam
415 1129 475 1171 non
492 1112 598 1172 timeri.
619 1112 674 1170 Vis
688 1112 782 1184 scire,
796 1112 870 1185 quid
880 1127 954 1171 vere
965 1113 1071 1172 votue-

89 1194 153 1255 ritt
174 1193 271 1253 notuit
286 1195 330 1253 ire
345 1195 383 1253 ad
400 1196 601 1255 voluntariam
617 1195 794 1254 servitutem
810 1195 853 1267 is,
875 1195 963 1255 cuius
980 1195 1071 1254 liber-

89 1286 185 1339 tatem
200 1276 306 1337 civitas
321 1277 416 1337 iibera
430 1280 509 1338 ierre
523 1295 584 1338 non
601 1280 708 1352 potuit.

156 1360 222 1419 vn.
246 1359 342 1434 SatiS,
358 1368 391 1420 ut
406 1363 562 1435 existimo,
578 1362 656 1420 hanc
674 1368 788 1435 partem
803 1361 1016 1434 tractavimus,
1032 1377 1070 1419 an
1088 1367 1102 1420 t

90 1452 183 1519 turpe
204 1451 287 1504 esset
306 1444 466 1506 beneficiis
487 1447 577 1505 vinci,
607 1447 691 1520 quod
713 1445 764 1519 qui
780 1445 912 1520 quaerit,
938 1444 995 1504 scit
1009 1459 1070 1503 non

89 1529 198 1588 solere
216 1526 357 1588 homines
380 1529 438 1587 sibi
458 1532 545 1604 ipsos
565 1528 747 1589 beneficium
763 1531 851 1589 dere:
878 1527 1070 1587 manifestum

88 1612 175 1671 enim
190 1611 299 1671 suisset
313 1629 373 1672 non
389 1629 461 1672 esse
474 1621 562 1688 turpe
577 1630 595 1673 a
609 1630 643 1673 se
660 1615 759 1687 ipsum
771 1613 861 1671 vinci.
883 1611 977 1685 Atqui
989 1612 1072 1685 apud
1087 1616 1105 1670 1

90 1693 248 1770 quosdam
264 1694 385 1756 Stoicos
402 1697 484 1755 etde
502 1698 559 1757 troc
581 1697 756 1770 ambigitur:
785 1713 828 1756 an
853 1695 981 1770 possit
1001 1695 1070 1754 ali-

91 1779 183 1852 quis
205 1776 283 1837 sibi
303 1780 537 1840 beneficium
559 1782 659 1839 dare.
689 1796 732 1837 an
755 1780 897 1838 debeat
920 1779 1071 1838 reterre

92 1859 173 1922 sibi
193 1863 367 1934 gratiam.
408 1864 491 1938 quod
507 1872 538 1923 ut
552 1863 707 1921 videretur
724 1863 946 1936 quaerendum,
963 1861 1014 1919 itia
1029 1862 1042 1918 i
1060 1893 1071 1901 -

92 1952 219 2006 cerunt.-
234 1946 369 2006 solemus
385 1946 503 2005 dicere:
516 1949 633 2020 pretias
645 1947 719 2004 mibi
730 1961 788 2018 apo
804 1946 881 2003 etde
894 1947 975 2002 nullo
988 1946 1074 2017 queri

88 2045 211 2106 possum
231 2031 290 2088 ulio
311 2047 400 2104 quum
420 2032 459 2090 de
479 2047 541 2090 me:
568 2046 621 2103 epo
641 2031 714 2088 mibi
732 2032 849 2088 irascor
873 2034 902 2086 et
919 2042 973 2100 epo
991 2043 1011 2085 a
1026 2043 1072 2086 mc

85 2128 205 2190 poenas
217 2114 338 2186 ccipere
352 2119 382 2172 et
394 2115 447 2173 odi
457 2130 512 2173 me.
537 2114 629 2172 muita
645 2119 802 2187 praetcrea
816 2110 1001 2183 huiusmodi,
1018 2125 1074 2184 per

94 2210 177 2271 quae
203 2195 418 2270 unusquisque
444 2198 483 2256 de
510 2212 545 2256 se
568 2204 723 2270 tamquam
749 2197 788 2255 de
809 2196 904 2255 attero
927 2195 1071 2268 loquitur.

90 2278 156 2353 „Si
177 2294 306 2351 nocere,
331 2280 446 2355 inquit,
469 2281 540 2339 mihi
556 2296 700 2355 possum,
727 2295 821 2355 quare
836 2295 897 2339 non
913 2285 943 2338 et
957 2279 1105 2342 heneti-3

91 2363 174 2423 cium
189 2361 260 2423 mibi
274 2363 349 2433 dare
365 2366 502 2438 possim?
522 2364 682 2424 Praeterea
698 2379 792 2438 quae,
808 2363 835 2422 si
850 2363 879 2421 in
894 2362 985 2421 atium
1000 2377 1073 2421 eon-

92 2445 252 2517 tulissem,
285 2446 435 2506 beneficia
456 2456 653 2519 vocarentur,
686 2462 796 2521 quare,
829 2445 855 2505 si
878 2447 977 2505 inme
1000 2460 1072 2505 con-

91 2530 164 2601 11111,
187 2529 348 2607 nonsintt
377 2532 459 2605 quod
482 2533 507 2590 si
524 2532 562 2590 ab
578 2531 672 2591 attero
689 2530 895 2603 accepissem,
917 2526 1070 2598 deberem,

91 2622 198 2688 queue¹
211 2613 238 2673 si
253 2613 325 2674 mihi
342 2614 410 2689 ipse
426 2614 517 2687 dedi,
533 2631 593 2673 non
610 2615 759 2672 debeamt
781 2626 875 2686 quare
890 2611 946 2668 sim
963 2610 1072 2669 adver·
1154 2667 1157 2671 .

91 2712 149 2759 sus
165 2712 216 2759 nte
230 2697 382 2772 ingratus,
406 2698 490 2772 quod
512 2715 572 2758 non
594 2697 693 2757 minus
714 2703 803 2769 turpe
820 2700 868 2754 est
883 2709 974 2768 quam
989 2693 1018 2752 in
1037 2708 1073 2752 se

89 2779 254 2843 sordidum
275 2795 346 2841 esse
371 2783 449 2841 etin
471 2797 506 2840 se
527 2783 636 2842 durum
656 2796 693 2838 ac
714 2795 839 2838 saevum
863 2785 892 2836 et
906 2776 954 2837 sui
968 2778 1072 2852 negle-

91 2869 238 2938 gentemt
264 2865 337 2925 Tem
357 2864 448 2925 alieni
464 2866 605 2941 corporis
628 2867 697 2923 teno
713 2863 791 2922 male
806 2860 891 2921 audit
907 2877 998 2935 quarn
1014 2860 1105 2926 suit

92 2947 210 3021 Nempe
233 2948 466 3021 reprehenditur
491 2950 669 3015 adsentator
695 2953 725 3006 et
752 2948 851 3006 aliene
876 2946 1072 3020 subsequens

93 3030 204 3101 verbo,
230 3039 356 3107 paratus
383 3033 424 3092 ad
448 3033 526 3091 falsa
551 3032 700 3092 laudator.
736 3047 796 3090 non
824 3029 924 3091 minus
947 3030 1073 3104 placens

91 3113 152 3175 sibi
172 3119 205 3174 et
224 3129 260 3175 se
274 3116 456 3189 'suspiciens
479 3121 523 3186 et,
551 3124 584 3175 ut
598 3116 639 3174 ita
654 3113 769 3188 dicam,
794 3115 972 3173 adsentator
988 3128 1072 3172 suus.

92 3196 176 3257 Vitia
190 3213 252 3259 non
267 3203 383 3259 tanturn
400 3214 467 3258 cum
483 3199 558 3258 ioris
575 3204 705 3273 peccant
716 3196 815 3257 invisa
830 3203 915 3268 sunt,
934 3197 989 3255 sed
1005 3210 1075 3255 curn

92 3283 122 3341 in
145 3295 182 3343 se
202 3286 427 3355 retorquentur.
459 3282 553 3355 Quem
576 3281 674 3355 magis
696 3280 897 3340 admiraberis
914 3294 1004 3352 quam
1022 3277 1105 3352 quie

92 3365 225 3439 imperat
239 3363 314 3439 sibi,
330 3381 422 3440 quam
439 3367 491 3440 qui
507 3380 541 3425 se
556 3364 648 3424 habet
662 3364 691 3424 in
708 3368 881 3439 potestaten
901 3361 1014 3419 Gentes
1031 3362 1073 3416 ta-

91 3446 184 3509 citius
209 3455 259 3509 est
284 3448 432 3511 barbaras
454 3447 701 3523 inpatientesque
720 3445 812 3508 alieni
832 3441 948 3503 arbitrii
968 3453 1076 3514 regere
