2364 3840
128 188 190 251 268
416 188 449 246 L.
468 187 614 246 ,tttxttt
637 185 812 245 SENECAE

128 336 300 399 turbinibus
316 338 436 396 divulsa
452 335 587 410 navigia:
610 335 679 410 quis
691 336 748 395 erit
760 334 851 395 huius
867 332 982 395 laboris
993 350 1032 394 ac
1043 350 1102 394 me-

129 431 178 482 tus
203 424 340 481 fructus?
368 421 436 495 quis
458 435 516 480 nos
537 420 638 479 fessos
660 426 704 479 tot
723 419 811 478 malis
832 424 939 493 portus
954 418 1104 494 excipiet?

129 506 242 565 trellum
261 505 377 565 scilicet
398 513 428 564 et
449 503 560 564 obvius
581 505 612 562 in
631 505 719 562 litore
738 500 838 562 bostis
856 508 885 561 et
904 502 1104 562 trucidandae

128 597 234 664 gentes
250 597 400 649 tracturae
415 603 454 646 ex
469 587 599 647 maxima
614 594 700 661 parto
714 584 864 646 victorem
871 591 904 645 et
912 586 1104 660 antiquarum

98 673 245 733 {turbium
268 672 399 732 llamma.
435 671 514 743 Quid
534 671 670 729 marma
689 670 828 743 cogimus
841 670 998 744 populosi
1031 670 1104 744 quid

128 756 280 816 exercitus
299 753 459 815 scribimus
475 754 645 814 directuros
660 753 755 813 aciem
770 754 799 811 in
816 753 925 813 mediis
939 751 1104 813 fluctibus?

129 840 203 914 quid
223 840 318 898 maria
331 837 558 911 inquietamus?
585 853 692 911 purum
707 836 850 896 videlicet
864 837 903 895 ad
918 844 1034 897 mortes
1051 852 1103 896 no

128 932 207 982 stras
228 930 307 981 terra
327 922 387 980 late
410 928 500 994 patet.
525 921 613 980 nimis
629 921 758 980 delicate
773 921 895 980 fortuna
908 936 967 979 nos
982 927 1103 979 tractat:

128 1006 216 1065 nimis
232 1006 310 1064 dura
324 1004 408 1064 dedit
419 1005 507 1064 nobis
519 1020 667 1079 corpora,
682 1002 801 1063 felicem
811 1002 1022 1063 valitudinem.
1043 1020 1104 1064 non

127 1090 331 1163 depopulatur
352 1102 409 1147 nos
431 1104 523 1148 casus
544 1090 713 1147 incurrens.
741 1086 858 1147 emetiri
879 1087 992 1162 cuique
1006 1103 1103 1148 annos

127 1188 202 1232 suos
225 1190 262 1231 ex
285 1172 446 1232 commodo
461 1174 532 1232 licet
545 1181 574 1232 et
590 1172 628 1230 ad
644 1179 832 1231 senectutem
846 1171 1021 1231 decurrere.
1050 1172 1104 1231 ita-

128 1271 187 1330 que
208 1272 312 1317 eamus
333 1255 363 1315 in
384 1258 512 1330 pelagus
528 1262 558 1315 et
578 1270 724 1316 vocemus
744 1255 775 1313 in
791 1270 849 1315 nos
863 1255 926 1314 lata
940 1256 1103 1316 cessantia.

98 1339 246 1412 thiseri,
268 1340 341 1414 quid
357 1339 524 1414 quaeritis?
550 1346 693 1408 mortem,
716 1353 798 1412 quae
811 1338 926 1412 ubique
940 1345 1105 1414 superest?

127 1432 209 1499 petet
229 1425 279 1483 illa
299 1440 357 1483 vos
380 1432 410 1483 et
423 1439 463 1482 ex
477 1425 603 1483 lectulo:
626 1421 683 1482 sed
696 1421 875 1482 innocentes
890 1429 983 1496 petat
1012 1437 1104 1482 occu-

126 1507 210 1581 pabit
227 1524 284 1567 nos
299 1509 327 1565 in
344 1513 449 1566 nostra
464 1506 572 1566 donia:
595 1507 651 1566 sed
668 1512 799 1580 occupet
813 1506 928 1565 nullum
943 1505 1103 1567 molientes

125 1590 246 1650 malum.
281 1591 348 1650 Hoc
362 1604 436 1648 vero
453 1589 526 1664 quid
542 1590 623 1649 aliud
639 1590 708 1663 quis
719 1588 830 1648 dixerit
840 1604 931 1664 quam
943 1589 1103 1662 insaniam,

126 1672 321 1733 circumferre
343 1673 479 1746 pericula
500 1681 530 1732 et
544 1688 633 1732 ruere
647 1673 677 1733 in
692 1672 831 1748 ignotos,
852 1671 962 1733 iratum
976 1671 1045 1733 sine
1060 1674 1104 1731 in-

126 1755 216 1826 iuria,
240 1756 431 1816 occurrentia
445 1756 653 1816 devastantem
669 1772 705 1816 ac
720 1757 853 1816 terarum
863 1771 950 1815 more
960 1755 1104 1817 occidere

127 1855 217 1913 quem
238 1856 300 1899 non
322 1839 447 1901 oderis?
474 1839 532 1899 illis
554 1840 703 1900 tamenin
725 1839 871 1899 ultionem
889 1846 942 1899 aut
961 1850 1002 1899 ex
1023 1839 1104 1899 lame

125 1939 247 1984 morsus
269 1930 331 1984 est:
359 1940 417 1984 nos
441 1924 508 1984 sine
528 1924 590 1983 ulla
613 1923 802 1998 parsimonia
828 1923 925 1982 nostri
950 1923 1105 1998 alienique

126 2007 283 2082 sanguinis
304 2022 601 2083 movemusmanum
615 2013 646 2066 et
662 2005 784 2080 navigia
800 2005 998 2079 deducimus,
1021 2007 1101 2067 salu-

126 2097 185 2149 tem
208 2091 421 2150 committimus
442 2090 601 2164 fluctibuS,
630 2091 785 2150 secundos
814 2097 957 2165 optamus
983 2097 1101 2160 ventos,

86 2188 256 2247 loquorum
270 2173 396 2233 felicitas
409 2182 457 2234 est
467 2173 507 2233 ad
518 2174 598 2232 bella
610 2173 747 2247 perferri.
773 2173 942 2248 Quousque
952 2189 1013 2233 nos
1023 2174 1104 2233 mala

126 2263 232 2315 nostra
249 2261 438 2328 rapuerunt?
464 2272 571 2330 parum
593 2264 642 2316 est
662 2257 738 2317 intra
754 2257 858 2316 orbem
880 2272 971 2317 suum
985 2257 1102 2317 luteres

126 2339 172 2398 sic
185 2337 346 2398 Persarum
360 2353 416 2397 rex
430 2338 647 2399 stolidissimus
662 2341 690 2398 in
705 2341 863 2401 Graeciam
871 2338 996 2413 traiciat,
1012 2355 1102 2417 quam

125 2422 278 2482 exercitus
301 2438 362 2481 non
383 2425 499 2496 vincet,
521 2439 590 2483 cum
606 2424 775 2498 inpleverit.
804 2425 848 2484 sic
863 2424 1043 2484 Alexander
1058 2425 1102 2484 ul-

124 2507 218 2567 terior
237 2506 354 2568 Bactris
375 2513 406 2566 et
422 2508 506 2567 Indis
521 2510 603 2567 volet
617 2522 780 2582 quaerere,
802 2506 876 2582 quid
891 2506 932 2567 sit
944 2508 1026 2567 ultra
1039 2522 1101 2567 ma-

124 2606 218 2664 gnum
240 2607 337 2665 mare,
368 2599 397 2652 et
417 2591 621 2666 indignabitur
641 2606 712 2650 esse
733 2591 847 2664 aliquid
871 2590 1010 2651 ultimum
1033 2591 1101 2651 sibi.

125 2674 169 2733 sic
183 2674 299 2735 Parthis
314 2673 441 2736 avaritia
455 2674 598 2736 crassum
612 2674 708 2734 dabit:
731 2691 792 2734 non
807 2673 942 2735 horrebit
955 2674 1041 2735 diras
1055 2689 1101 2733 re·

124 2759 262 2818 vocantis
283 2759 410 2830 tribuni,
433 2774 494 2817 non
508 2765 705 2833 tempestates
722 2757 892 2831 longissimi
907 2755 1017 2831 maris,
1040 2774 1101 2819 uon

110 2840 207 2923 ¹circa
225 2842 411 2915 Euphratem
431 2858 583 2917 praesaga
608 2840 732 2901 fulmina
754 2848 785 2901 et
808 2840 885 2901 deos
901 2841 1100 2911 resistentes.

83 2939 180 2997 uper
194 2923 347 2984 bominum
363 2933 393 2985 ot
408 2926 536 2986 deorum
550 2928 612 2985 iras
628 2924 668 2984 ad
683 2941 791 2984 aurum
806 2924 906 2983 ibitur.
942 2923 1025 2999 Ergo
1040 2941 1099 2986 non

123 3007 262 3066 inmerito
276 3009 344 3082 quis
353 3008 464 3069 dixerit
473 3025 575 3069 rerum
586 3015 722 3068 naturam
736 3007 843 3067 melius
855 3013 992 3069 acturam
1004 3009 1100 3069 luisse

124 3089 299 3162 nobiscum,
324 3089 352 3150 si
371 3100 481 3152 ventos
504 3092 579 3153 liare
598 3092 748 3153 vetuisset
768 3100 797 3152 et
815 3090 942 3153 inhibito
957 3091 1101 3152 discursu

123 3175 286 3234 furentium
305 3175 336 3233 in
357 3190 414 3233 sua
437 3191 589 3250 quemque
609 3184 690 3237 terra
707 3183 789 3235 stare
806 3173 965 3236 iussissetz
986 3175 1015 3235 si
1029 3175 1099 3235 nibil

123 3259 221 3328 aliud,
245 3263 326 3318 certe
347 3274 403 3317 suo
422 3259 554 3332 quisque
574 3268 689 3322 tantum
702 3275 740 3320 ac
755 3274 882 3320 suorum
895 3260 1099 3320 malonasce

122 3350 218 3402 retur:
242 3357 322 3401 nunc
343 3357 450 3416 parum
471 3342 543 3401 mihi
563 3343 746 3418 domestica,
768 3343 902 3404 externis
918 3359 1045 3418 quoque
1059 3342 1098 3401 la·

83 3427 292 3486 laborandum
314 3433 371 3486 est.
403 3425 490 3484 Nulla
512 3432 591 3485 terra
609 3433 670 3486 tam
691 3428 782 3502 longe
801 3432 919 3487 remota
933 3433 997 3500 est,
1021 3441 1099 3502 quae
