2364 3840
244 209 384 270 NATUR.
400 209 562 284 QUAEST.
584 211 657 270 LIB.
670 211 691 269 Ι.
716 221 846 274 12—14.
972 213 1034 277 177

56 368 161 422 scant:
184 376 253 420 curn
268 359 419 435 utrimque
435 363 531 421 solem
546 362 640 423 cinxit
655 363 723 422 talis
740 363 873 438 efligies,
897 365 923 423 si
937 366 1032 424 Arato

55 445 228 518 credimuS,
249 451 416 518 tempestas
432 446 536 518 surgit.

118 528 197 588 XIV.
230 528 391 602 Tempus
421 535 479 586 est
506 528 606 588 alios
636 545 788 603 quoque
815 529 925 602 ignes
946 544 1061 605 per-l

53 625 233 683 currere,
264 625 424 684 quorum
454 611 635 675 diversae
663 612 818 685 figurae
844 619 949 672 sunt:
979 614 1032 672 ali-

55 693 182 768 quando
197 691 307 752 emicat
321 694 423 767 stella,
445 695 609 768 aliquando
625 694 751 754 ardores
765 702 851 768 sunt,
868 696 1032 771 aliquando

54 777 110 854 lixi
131 783 161 835 et
176 776 353 850 haerentes,
377 793 605 851 nonnumquam
622 778 781 838 volubiles.
817 780 931 839 Horum
946 781 1034 854 plura

54 874 172 935 genera
183 857 427 934 conspiciuntur:
446 866 517 919 scrut
530 853 728 938 βόθυνοι,
745 877 812 920 curn
826 866 907 924 velut
918 879 1033 923 corona

54 944 200 1019 cingente
214 942 363 1002 introrsus
379 944 487 1015 ingens
505 941 582 1000 coeli
597 958 741 1002 recessus
757 952 804 1004 est
817 946 923 1005 similis
939 946 1031 1006 elios-

54 1042 111 1086 sae
136 1025 166 1083 in
188 1025 293 1084 orbern
321 1024 495 1100 speluncae.
538 1025 614 1085 Sunt
635 1026 782 1098 pithiae
804 1035 896 1101 [cum]
918 1026 1033 1104 magni·

55 1108 163 1169 tudine
179 1108 257 1167 vasti
271 1109 456 1181 rotundique
472 1108 550 1182 ignis
567 1108 648 1169 dolio
665 1109 786 1182 similiS‚
810 1113 861 1182 qui
876 1113 924 1170 vel
940 1115 1034 1171 fertur

56 1193 105 1251 vel
126 1189 156 1249 in
175 1207 237 1251 uno
253 1194 322 1251 loco
338 1190 456 1265 flagrat.
494 1191 571 1251 Sunt
590 1191 803 1264 chasmate,
826 1199 892 1251 culn
909 1194 1034 1268 aliquod

56 1274 137 1335 coeli
148 1273 290 1348 'spatium
312 1274 432 1334 desedit
446 1281 477 1333 et
493 1273 644 1334 flammam
662 1276 743 1333 velut
757 1273 920 1334 dehiscens
935 1277 963 1334 in
981 1277 1033 1334 ab·

56 1357 123 1418 dito
145 1363 285 1417 ostentat.
330 1357 455 1417 Colores
478 1374 601 1432 quoque
625 1357 733 1417 horum
756 1357 888 1417 omnium
913 1358 1065 1432 plurimi2

55 1448 143 1502 sunt:
176 1440 298 1514 quidam
315 1441 436 1500 ruboris
454 1442 606 1513 acerrimi,
630 1442 753 1515 quidam
774 1443 921 1500 evanidae
937 1458 974 1501 ac
991 1444 1033 1502 le·

55 1525 102 1583 vis
120 1523 276 1595 flammae,
300 1524 421 1596 quidam
446 1525 594 1583 candidae
615 1525 709 1598 lucis,
732 1523 855 1598 quidam
877 1526 1034 1594 micantes,

55 1608 183 1683 qnidam
205 1607 373 1680 aequaliter
393 1615 422 1666 et
444 1606 509 1666 sine
533 1607 743 1681 eruptionibus
762 1616 814 1667 aut
833 1608 927 1668 radiis
949 1610 1034 1667 iulvi.

54 1690 208 1750 Videmus
223 1705 297 1764 ergo

159 1831 162 1834 Α
198 1777 349 1833 stellarum
363 1777 464 1845 lonpoe
477 1790 497 1831 α
511 1781 592 1845 terpo
606 1775 754 1833 albescere
767 1781 888 1834 tractas.

55 1857 121 1917 Hae
148 1856 232 1916 velut
256 1857 362 1915 stellae
387 1857 530 1915 exsiliunt
553 1863 583 1913 et
612 1857 801 1915 transvolant
835 1858 1068 1931 videnturque3

56 1941 181 2014 longum
203 1939 303 2012 ignem
324 1940 480 2014 porrigere
508 1946 633 2012 propter
660 1937 827 1997 inmensam
844 1938 1036 2012 celeritatem,

57 2040 127 2083 curn
155 2023 238 2082 acies
264 2030 369 2083 nostre
395 2039 456 2083 non
483 2022 638 2081 discernat
657 2023 814 2081 transitum
836 2037 952 2094 earum,
980 2022 1037 2080 sed

57 2121 253 2182 quacumque
288 2113 547 2177 occucurrerunt,
580 2107 612 2164 id
644 2112 738 2165 totum
766 2107 887 2180 igneum
924 2105 1036 2164 credat.

57 2197 143 2250 tanta
159 2189 238 2248 enim
254 2196 302 2249 est
315 2189 461 2249 velocitas
478 2198 595 2262 motuS,
614 2195 647 2247 ut
662 2196 764 2263 partes
781 2190 846 2248 eius
863 2204 924 2247 non
942 2187 1036 2263 dispi-

57 2275 195 2344 ciantur,
213 2273 269 2332 sed
291 2280 405 2332 tantum
423 2289 541 2332 summa
557 2273 729 2345 prendatur.
757 2273 958 2346 intellegimus
974 2288 1036 2330 ma-

56 2355 116 2431 gis,
131 2371 193 2430 qua
204 2356 352 2430 adpareat
364 2356 451 2415 stella
464 2372 554 2431 quam
567 2373 628 2429 qua
640 2362 737 2415 exeat.
753 2356 860 2430 ltaque
872 2357 955 2414 velut
967 2356 1037 2427 igne
1051 2376 1068 2427 4

57 2439 204 2502 continuo
220 2447 316 2498 totum
329 2441 385 2499 iter
399 2438 512 2512 signat,
535 2439 607 2513 quia
620 2440 707 2498 visus
721 2438 817 2496 nostri
832 2438 957 2496 tarditas
974 2453 1034 2495 non

58 2523 260 2597 subsequitur
282 2528 435 2582 momenta
457 2522 619 2595 currentis,
642 2522 696 2580 sed
711 2520 793 2579 videt
808 2520 896 2578 simul
912 2525 942 2577 et
955 2519 1036 2576 unde

58 2606 206 2666 exsilierit
227 2613 256 2665 et
278 2623 339 2681 quo
358 2606 538 2679 pervenerit.
572 2604 653 2679 quod
670 2605 704 2662 lit
720 2603 750 2660 in
767 2603 904 2661 fulmine:
925 2603 1036 2673 longus

59 2690 150 2749 nobis
170 2688 290 2749 videtur
310 2688 388 2763 ignis
404 2689 484 2760 eius,
506 2686 578 2762 quia
599 2687 658 2746 cito
680 2686 811 2760 spatium
828 2700 916 2744 suum
938 2691 1036 2743 trans-

59 2773 121 2834 silit
142 2779 172 2831 et
186 2774 284 2832 oculis
299 2773 413 2831 nostris
435 2772 566 2832 occurrit
579 2771 771 2839 universum,
788 2783 843 2841 per
858 2768 939 2842 quod
956 2765 1037 2825 deie-

59 2864 128 2917 ctus
141 2863 203 2914 est:
217 2857 307 2915 atille
319 2872 379 2915 non
393 2863 440 2914 est
452 2855 564 2913 extenti
576 2854 716 2927 corporis
728 2867 783 2926 per
795 2867 899 2923 omne,
913 2867 973 2925 qua
986 2865 1036 2908 ve-

58 2939 111 3008 nit.
134 2954 235 3013 neque
247 2948 307 2999 tarn
319 2939 411 3012 longa
423 2947 453 2997 et
464 2944 626 2996 extenuata
637 2937 666 2994 in
679 2935 813 3008 inpetum
824 2934 935 2994 valent.
957 2934 1035 3006 Quo·
1051 2944 1068 2994 5

60 3024 153 3084 modo
168 3037 241 3096 ergo
260 3020 442 3097 prosiliunt?
468 3021 579 3080 adtritu
593 3018 672 3078 aeris
688 3018 766 3092 ignis
782 3016 928 3076 incensus
945 3023 1036 3074 vento

60 3122 212 3180 praeceps
238 3106 400 3179 inpellitur.
431 3120 491 3162 non
514 3118 636 3176 semper
655 3109 754 3160 tamen
776 3107 866 3160 vento
888 3101 1037 3160 adtrituve

59 3191 107 3250 fit:
131 3205 361 3263 nonnumquam
384 3187 539 3259 exaliqua
561 3185 786 3258 opportunitate
801 3185 880 3242 ueris
894 3183 1037 3242 nascitur.

59 3273 153 3332 multa
168 3272 248 3331 enirn
266 3271 382 3331 suntin
397 3268 518 3329 sublimi
535 3268 631 3338 sicca,
659 3267 775 3338 calida,
804 3274 939 3337 terrena,
961 3267 1039 3323 inter

59 3371 141 3431 quae
156 3355 251 3416 oritur
268 3362 297 3414 et
312 3352 455 3428 pabulum
471 3367 559 3410 suum
575 3349 769 3424 subsequens
785 3347 889 3407 defluit
905 3348 1038 3419 ideoque

63 3438 211 3499 velociter
223 3439 348 3512 rapitur.
379 3439 446 3509 „At
468 3449 563 3509 quare
586 3434 670 3492 color
689 3433 829 3491 diversi-⁶
927 3434 944 3448 ”
968 3445 996 3480 “ι
1052 3433 1070 3488 6

12 3540 17 3547 ·
102 3541 289 3581 spurcarum.
309 3525 340 3578 li.
514 3533 518 3537 ·
