2364 3840
153 185 196 250 90
451 188 484 244 L.
506 185 653 245 ANNAEI
676 185 851 244 SENECAE

154 337 268 416 cogniti
288 340 381 398 maris
402 338 530 397 iudicet:
559 336 666 395 eadem
689 341 745 409 [re]
767 335 890 410 gloriari
910 335 1058 398 Socrates
1080 355 1134 414 po·

153 426 222 496 tuit,
246 423 353 482 eadem
373 421 542 495 Diogenes,
566 436 583 478 a
606 436 667 494 quo
689 420 794 494 utique
815 421 914 481 vietus
935 428 993 480 est.
1028 424 1133 497 quidni

55 497 57 500 ’
153 508 253 568 victus
276 507 314 566 sit
334 507 385 565 illo
407 506 470 577 die,
494 520 555 577 quo
570 503 662 562 homo
678 519 773 578 super
786 519 961 564 mensuram
978 505 1132 567 humanae

155 591 318 666 superbiae
341 597 460 649 tumens
477 589 551 646 vidit
569 588 716 662 aliquem,
739 587 788 646 cui
802 603 860 646 nec
875 589 950 647 duro
966 590 1132 665 quicquam

124 691 141 745 2
154 682 262 751 posset
281 689 337 732 nec
351 673 492 746 eriperet
517 671 687 731 Archelaus
702 687 758 730 rex
773 670 929 731 Socratem
944 676 1083 749 rogavit,
1103 681 1135 734 ut

154 761 191 819 ad
211 775 246 818 se
261 758 392 815 veniret:
416 756 533 814 dixisse
555 754 697 815 Socrates
715 755 843 815 traditur
862 757 943 816 nolle
957 772 994 816 se
1010 758 1049 816 ad
1066 774 1133 818 eum

154 842 272 913 venire,
295 857 390 914 aquo
408 840 561 913 acciperet
575 839 739 911 beneficia,
761 855 830 899 cum
844 840 975 900 reddere
989 841 1032 900 illi
1050 841 1134 917 paria

155 942 215 984 non
232 932 348 999 posset.
372 921 502 982 Primum
514 922 544 982 in
560 923 657 997 ipsius
671 930 820 998 potestate
832 932 897 984 erat
908 940 968 983 non
982 925 1132 1000 accipere.

156 1010 267 1069 deinde
288 1010 355 1082 ipse
373 1008 448 1067 dare
472 1007 653 1067 beneficium
679 1008 764 1081 prior
784 1007 958 1082 incipiebat.
993 1011 1133 1070 veniebat

156 1094 236 1152 enim
263 1100 388 1166 rogatus
404 1099 434 1151 et
450 1089 482 1150 id
499 1090 604 1163 dabat,
628 1091 711 1165 quod
730 1092 837 1166 ulique
853 1093 903 1152 ille
917 1109 978 1152 non
996 1103 1064 1155 erat
1080 1092 1131 1154 So·

122 1178 229 1240 iterati
244 1177 426 1236 redditurus·
459 1175 639 1236 Etiamnunc
661 1175 831 1257 Archelaus
847 1177 973 1236 daturus
995 1186 1063 1238 erat
1083 1195 1131 1238 au-

154 1278 220 1321 rum
233 1268 263 1320 et
274 1268 446 1335 argentum,
460 1265 641 1333 recepturus
657 1267 861 1333 contemptum
877 1260 942 1319 auri
956 1268 988 1320 et
1002 1264 1131 1336 argenti:

155 1362 215 1405 non
238 1352 358 1421 poterat
378 1345 493 1403 referre
508 1343 660 1402 Archelao
676 1342 820 1403 Socrates
832 1344 989 1425 ,graliamr
1011 1353 1042 1404 et
1063 1347 1131 1420 quid

154 1437 270 1490 lantum
292 1436 357 1488 erat
377 1435 577 1502 accepturus,
601 1434 744 1500 quantum
767 1427 874 1499 dabat,
897 1427 923 1487 si
946 1429 1134 1490 ostendisset

154 1513 308 1574 hominem
322 1513 402 1570 vitae
417 1526 453 1569 ac
468 1512 573 1570 mortis
594 1509 737 1584 peritum,
759 1512 918 1584 utriusque
935 1512 1015 1572 lines
1032 1521 1132 1574 tenen·

154 1603 236 1657 temt
257 1596 284 1655 si
299 1610 401 1669 regem
418 1598 447 1652 ln
462 1597 531 1654 luce
544 1595 644 1653 media
660 1603 811 1655 errantem
825 1597 865 1654 ad
880 1611 982 1656 rerum
997 1605 1131 1658 naturam

155 1681 345 1753 admisisset,
364 1694 464 1752 usque
486 1694 523 1737 eo
545 1678 609 1738 eius
625 1680 779 1753 ignarum,
802 1687 834 1738 ut
850 1696 911 1752 quo
927 1681 977 1740 die
989 1681 1069 1742 solis
1084 1684 1132 1742 de·

154 1764 244 1823 lectio
260 1763 329 1835 luit,
348 1762 463 1835 regiam
479 1763 615 1822 eluderet
628 1764 776 1836 etlilium,
793 1765 877 1838 quod
892 1765 922 1823 in
938 1766 1022 1824 luctu
1037 1783 1074 1826 ac
1088 1782 1132 1826 re

123 1858 141 1911 4
157 1848 214 1908 bus
230 1846 370 1906 adversis
387 1847 480 1906 moris
497 1853 559 1920 est,
580 1848 741 1906 tonderet?
781 1846 931 1919 Quantum
953 1849 1066 1910 luisset
1082 1851 1130 1909 be·

154 1932 311 2005 nelieium‚
333 1931 358 1991 si
381 1931 535 1990 timentem
558 1945 575 1988 e
600 1931 724 1990 latebris
746 1931 812 1991 suis
834 1933 1020 1992 extraxisset
1036 1941 1067 1993 et
1081 1935 1130 1994 bo·

154 2033 224 2075 num
240 2016 371 2075 animum
388 2014 501 2073 habere
516 2014 660 2074 iussisset
671 2015 793 2075 dicens:
819 2016 905 2088 „Non
921 2024 969 2076 est
983 2017 1043 2077 isla
1058 2019 1131 2078 solis

154 2100 301 2172 delectio,
324 2098 381 2158 sed
404 2099 533 2157 duorum
554 2097 688 2157 siderum
705 2099 818 2172 coitus,
841 2114 909 2158 eum
926 2101 999 2158 luna
1014 2100 1131 2161 humili·
1171 2142 1174 2147 ·

155 2199 209 2243 ore
223 2197 351 2241 currens
365 2179 415 2239 via
430 2179 509 2239 inlra
524 2180 625 2254 ipsum
641 2184 738 2242 solem
754 2183 859 2242 orbern
875 2199 963 2244 suum
979 2186 1088 2259 posuit
1106 2191 1133 2244 et

155 2269 237 2325 illum
258 2264 379 2324 obiectu
393 2264 441 2323 sui
456 2265 626 2326 abscondit.
662 2283 742 2341 quae
756 2268 849 2327 modo
866 2276 968 2342 partes
986 2269 1055 2329 eius
1070 2269 1132 2328 exi·

155 2365 246 2424 guas,
268 2346 295 2408 si
310 2348 340 2406 in
355 2355 534 2408 transcursu
550 2349 685 2423 strinxit,
701 2351 839 2425 obducit,
855 2352 947 2413 modo
963 2355 1035 2426 plus
1051 2353 1131 2427 tegit,

154 2431 181 2493 si
203 2431 347 2492 maiorem
367 2440 482 2506 partem
505 2434 552 2492 sui
569 2432 693 2505 obiecit,
716 2436 808 2494 modo
825 2436 958 2495 excludit
970 2437 1067 2497 totius
1081 2437 1132 2495 ad-

154 2524 308 2592 spectum,
325 2516 351 2576 si
365 2524 450 2578 recto
465 2516 642 2577 libramento
657 2518 735 2577 inter
750 2520 846 2578 solem
861 2528 1022 2595 terrasque
1034 2520 1133 2580 media

122 2613 139 2664 5
154 2600 316 2662 successit.
350 2599 412 2660 Sed
433 2601 492 2659 iarn
507 2601 566 2661 ista
580 2601 683 2661 sidera
697 2602 756 2662 huc
771 2610 801 2663 et
815 2603 865 2662 illo
881 2604 1006 2664 diducet
1020 2604 1133 2664 veloci·

154 2694 201 2744 tas
223 2702 290 2745 sua.
325 2686 384 2743 iam
404 2685 553 2759 recipient
572 2686 651 2744 diem
672 2694 772 2746 terrae
795 2693 825 2745 et
844 2687 894 2746 hic
915 2688 970 2748 ibit
985 2689 1063 2748 ordo
1080 2702 1133 2762 por

155 2770 259 2828 secula
274 2768 506 2842 dispositosque
520 2785 557 2829 ac
571 2769 748 2844 praedictos
759 2770 826 2830 dies
838 2769 944 2845 habet,
960 2772 1073 2846 quibus
1087 2772 1133 2832 sol

154 2854 325 2911 intercursu
340 2852 431 2911 lunae
445 2860 563 2913 vetetur
575 2870 683 2914 omnes
697 2854 802 2915 radios
816 2853 986 2915 effundere.
1006 2856 1134 2915 Paulum

154 2943 317 3008 exspecta:
333 2935 393 2994 iam
408 2945 557 3011 emerget,
572 2939 630 2996 ium
646 2937 734 2996 istam
749 2939 832 2998 velut
846 2937 957 2998 nubem
971 2940 1132 3014 relinquet

154 3018 213 3078 iam
235 3020 396 3079 exsolutus
419 3019 636 3096 inpedimentis
657 3023 755 3081 lucem
778 3038 865 3083 suam
889 3022 985 3082 libere
1008 3023 1134 3084 mittet“

122 3107 139 3162 6
154 3102 298 3163 Socrates
321 3119 425 3177 parem
440 3103 568 3180 gratiam
583 3105 736 3166 Archelao
750 3107 866 3166 referre
880 3122 941 3166 non
957 3115 1081 3181 posset,
1109 3106 1132 3166 si

153 3187 235 3246 illum
256 3203 386 3260 regnare
406 3190 575 3248 vetuisset?
596 3205 704 3263 parum
724 3189 841 3250 scilicet
860 3205 1004 3264 magnum
1018 3190 1131 3250 beneli·

153 3271 232 3330 cium
252 3287 270 3330 a
291 3270 418 3331 Socrate
439 3271 624 3345 accipiebat,
651 3273 677 3332 si
697 3274 791 3334 ullum
812 3274 886 3333 dare
907 3275 1061 3347 potuisset
1078 3273 1133 3335 So·

153 3354 237 3415 crati.
271 3354 371 3427 Quare
396 3370 470 3428 ergo
495 3354 554 3415 hoc
580 3354 724 3417 Socrates
750 3358 847 3417 dlxitt
877 3357 933 3416 Vir
958 3358 1078 3418 facetus
1105 3365 1132 3419 el

153 3440 241 3499 cuius
262 3453 318 3511 per
332 3439 447 3511 liguros
464 3453 565 3499 sermo
582 3440 752 3514 procedere
775 3440 883 3502 solitus
905 3449 988 3515 orat,
1010 3442 1132 3504 derisor
