2364 3840
311 205 452 266 Natus.
469 204 631 278 QUAEST.
654 204 726 264 LlB.
738 204 761 262 I.
783 214 809 265 2.
825 212 851 265 3.
1009 203 1070 268 167

86 357 234 417 luminum
255 362 430 415 nostrorum
446 360 580 413 moratur
592 360 623 412 et
637 368 674 413 eo
690 354 772 413 unde
786 355 916 414 exierint
928 354 1068 417 reflectit.

87 457 161 516 ergo
177 455 246 500 cum
262 440 355 499 multa
371 438 523 497 stillicidia
537 437 610 510 sint,
626 437 751 497 totidem
767 439 895 512 specula
909 446 988 498 sunt.
1011 439 1068 498 sed

89 524 163 600 quia
184 530 385 598 pervasum,
415 523 491 581 solis
514 523 648 582 colorem
672 520 739 580 sine
762 521 862 596 figura
885 522 1067 596 exprimunt.

86 607 207 670 Deinde
229 622 297 666 cum
317 607 347 664 in
369 605 529 665 stillicidiis
552 605 822 665 innumerabilibus
844 613 874 665 et
895 608 962 665 sine
976 605 1067 665 inter-

87 693 170 752 vallo
191 689 371 750 cadentibus
385 690 532 749 reddatur
545 688 627 748 idem
642 692 742 762 color,
766 691 871 764 incipit
886 690 980 749 iacies
997 706 1070 750 esse

87 792 151 837 non
165 774 329 834 multarum
343 774 508 848 imaginum
519 781 548 832 et
559 773 814 848 intermissurum,
832 775 888 833 sed
902 775 991 834 unius
1003 774 1068 834 lon·

88 875 147 934 gae
169 866 263 932 atque
278 857 450 918 continuae.
486 858 681 931 „Quomodo,
703 858 820 932 inquis,
844 866 875 919 tu
890 857 963 938 mihi
978 861 1099 922 mullei

88 943 173 1004 mitia
193 941 358 1016 imaginum
378 942 446 1001 istie
469 957 540 1000 esse
560 941 651 1013 dieis,
675 941 727 1000 ubi
747 958 805 1016 ego
828 944 942 1003 nullam
959 944 1072 1004 video‘l

89 1035 121 1087 et
142 1040 240 1100 quare
262 1041 330 1085 cum
353 1026 427 1085 solis
450 1026 536 1085 color
555 1041 634 1084 unus
660 1025 712 1096 sit,
739 1026 903 1100 imaginum
930 1029 1071 1088 diversus

89 1114 186 1171 esti“
228 1109 268 1169 Ut
289 1118 319 1169 et
338 1110 429 1182 haec,
458 1125 537 1183 quae
561 1108 764 1183 proposuisti,
790 1112 927 1170 refellam
948 1119 977 1170 et
1002 1113 1070 1182 alia,

91 1209 175 1268 quae
195 1210 257 1254 non
279 1193 378 1252 minus
399 1193 567 1252 relellenda
592 1200 683 1262 sunt,
710 1192 786 1251 illud
811 1193 909 1252 dicam
935 1202 1071 1269 oportet:

91 1277 168 1338 nibil
187 1278 254 1337 acie
275 1283 380 1338 nostra
401 1277 539 1336 lallaeius
560 1293 622 1337 non
643 1284 758 1335 tantum
779 1277 808 1335 in
830 1276 893 1350 his,
923 1278 1072 1351 aquibus

92 1359 245 1423 subtiliter
264 1360 461 1435 pervidendis
485 1361 564 1419 illam
579 1365 709 1422 locorum
725 1360 886 1419 diversitas
902 1361 1072 1431 submovet,

92 1445 151 1506 sed
167 1446 257 1504 etiam
272 1445 303 1503 in
319 1443 367 1503 his
383 1460 523 1519 quoque,
548 1461 626 1518 quae
641 1445 680 1503 ad
700 1460 821 1504 manum
838 1446 947 1504 cernit:
970 1459 1073 1503 remus

91 1528 177 1591 tenui
198 1544 280 1603 aqua
294 1527 404 1602 tegitur
418 1534 447 1586 et
462 1526 549 1587 tracti
564 1530 699 1602 speciem
714 1528 822 1589 reddit.
852 1545 945 1604 poma
960 1545 1014 1604 per
1029 1528 1073 1586 vi-

92 1621 173 1674 trum
197 1611 438 1686 adspicientibus
454 1613 548 1671 multo
566 1612 680 1672 maiora
696 1621 776 1673 sunt.
805 1616 1014 1674 columnarum
1029 1614 1074 1671 in-

92 1696 222 1758 tervalla
244 1697 379 1770 porticus
402 1696 522 1770 longior
543 1696 647 1769 iungit.
680 1697 729 1755 Ad
745 1696 846 1771 ipsum
861 1701 958 1758 solem
973 1703 1118 1756 rever-10

93 1789 176 1841 tere:
205 1779 285 1839 hunc
308 1794 399 1855 quem
419 1785 507 1852 [toto]
529 1787 677 1838 terrarum
698 1779 773 1838 orbe
793 1783 939 1841 maiorem
967 1782 1076 1856 probat

93 1864 188 1936 ratio,
210 1864 294 1922 acies
316 1869 421 1923 nostra
440 1861 485 1922 sie
503 1864 666 1934 contraxit,
688 1870 721 1921 ut
736 1865 892 1938 sapientes
910 1865 966 1922 viri
981 1865 1074 1939 peda-

94 1951 157 2008 lem
173 1958 245 2007 esse
261 1947 488 2008 contenderent.
519 1962 608 2021 quem
624 1946 851 2007 velocissimum
869 1948 1000 2008 omnium
1016 1948 1076 2005 sei-

95 2046 182 2103 mus,
204 2046 294 2090 nemo
316 2038 455 2091 nostrum
475 2029 592 2089 moveri
614 2030 709 2105 videt,
734 2046 790 2090 nec
811 2030 855 2090 ire
871 2031 1076 2103 crederemuS,

95 2115 157 2175 nisi
178 2114 341 2188 adpareret
361 2113 435 2174 isse.
463 2115 611 2175 mundum
627 2115 728 2189 ipsum
743 2115 901 2195 praecipiti
916 2114 1077 2175 velocitate

96 2197 250 2259 labentem
272 2206 302 2258 et
322 2205 406 2258 ortus
423 2213 619 2273 occasusque
633 2200 711 2260 intra
730 2203 915 2260 momentum
929 2199 1077 2274 temporis

96 2282 307 2342 revolventem
330 2297 418 2341 nemo
439 2290 577 2341 nostrum
593 2285 684 2343 sentit
700 2284 886 2358 procedere:
913 2285 986 2359 quid
1003 2299 1077 2359 crgo

97 2365 235 2439 miraris,
263 2366 290 2424 si
312 2366 392 2426 oculi
413 2366 510 2425 nostri
532 2366 671 2427 imbrium
689 2366 840 2429 stillicidia
858 2385 918 2427 non
934 2373 1079 2442 separant

98 2456 130 2509 et
150 2450 265 2524 ingenti
280 2449 379 2524 spatio
395 2449 581 2509 intuentibus
596 2451 776 2511 minutarum
792 2451 955 2525 imaginum
971 2449 1078 2509 discri-

98 2548 169 2592 men
190 2533 311 2592 interita
345 2530 421 2594 illud
444 2532 569 2593 dubium
589 2550 660 2594 esse
675 2535 748 2595 nulli
762 2540 879 2608 potest,
901 2534 973 2607 quin
988 2547 1078 2591 arcus
1088 2547 1120 2598 11

100 2618 201 2692 imago
223 2617 298 2677 solis
321 2617 360 2676 sit
381 2616 506 2677 roscida
524 2624 554 2676 et
568 2634 644 2678 cava
658 2619 739 2678 nube
754 2623 913 2691 concepta.
941 2615 1025 2689 quod
1040 2629 1080 2673 ex
1164 2624 1167 2628 '

99 2701 160 2761 hoo
174 2698 230 2760 tibi
244 2701 404 2775 adpareat:
429 2717 595 2775 numquam
609 2719 668 2762 non
685 2702 816 2760 adversa
831 2700 888 2760 soli
904 2705 965 2771 est,
987 2698 1079 2758 subli-

101 2785 159 2844 mis
182 2790 234 2843 aut
254 2783 392 2857 humilis,
419 2792 511 2860 prout
529 2785 579 2844 ille
601 2801 636 2845 se
656 2784 797 2845 submisit
817 2791 869 2844 aut
892 2783 1028 2855 sustulit,
1050 2781 1080 2840 in

102 2868 288 2929 contrarium
307 2875 398 2928 mota.
428 2868 479 2930 illo
500 2870 581 2927 enim
602 2867 809 2928 descendente
828 2867 916 2927 altior
936 2874 997 2940 est,
1020 2867 1080 2927 alto

102 2953 292 3029 depressior.
327 2951 428 3027 Saepe
450 2952 519 3013 talis
541 2952 639 3012 nubes
661 2968 679 3010 a
700 2953 793 3009 latere
810 2950 884 3010 solis
900 2959 1019 3011 estnec
1035 2966 1080 3008 ar-

104 3052 172 3096 eum
192 3036 301 3109 elficit,
319 3036 465 3110 quianon
481 3052 520 3095 ex
535 3044 619 3096 recto
634 3035 794 3108 imaginem
809 3035 907 3093 trahit.
939 3035 1082 3095 Varietas
1090 3040 1125 3093 12

104 3126 205 3180 autem
226 3136 288 3180 non
310 3120 349 3179 ob
370 3121 459 3178 aliam
475 3135 599 3179 causam
615 3119 662 3191 fit,
687 3134 777 3194 quam
793 3119 865 3193 quia
881 3135 952 3192 pars
969 3118 1082 3178 coloris

104 3206 171 3264 sole
193 3211 241 3262 est
262 3218 387 3279 sparsa,
403 3220 481 3278 pars
495 3204 525 3261 in
541 3204 622 3263 nube
639 3202 698 3261 illa.
725 3202 834 3264 humor
851 3204 974 3280 [autem]
990 3200 1082 3261 modo

105 3287 264 3347 caeruleas
285 3286 398 3359 lineas,
422 3287 514 3346 modo
536 3287 666 3359 virides,
688 3286 780 3346 modo
797 3301 952 3361 purpurae
968 3285 1083 3344 similes

104 3378 135 3432 et
153 3371 251 3430 luteas
268 3377 321 3430 aut
338 3370 444 3444 igneas
460 3369 543 3428 ducit
556 3370 677 3430 duobus
692 3368 847 3430 coloribus
865 3368 943 3426 hane
958 3367 1083 3426 varieta-

98 3463 166 3515 tem
181 3452 398 3526 elficientibus,
419 3451 550 3512 remisso
563 3461 593 3513 et
607 3454 731 3512 intento.
755 3453 800 3511 sic
816 3449 895 3510 enim
908 3457 937 3508 et
949 3463 1087 3523 purpura
