2364 3840
284 208 336 266 DE
357 206 569 266 BENEFICIIS
590 206 664 265 LlB.
676 207 712 266 11.
734 213 866 266 22—25.
1023 207 1064 268 29

89 360 190 423 ritis.
218 361 310 420 tutius
333 367 380 418 est
402 358 552 434 quosdam
575 356 733 418 offendere
755 373 845 431 quam
865 357 1062 432 demeruisse,

89 451 301 520 argumentum
317 443 397 504 enim
411 439 485 499 nihil
503 440 676 500 debentium
693 440 764 499 odio
787 448 950 514 quaerunt:
980 443 1063 516 atqui

88 528 162 587 nihil
182 527 278 601 magis
301 526 519 599 praestandum
541 530 602 596 est,
631 540 722 596 quam
747 531 781 582 ut
804 525 951 584 memoria
973 525 1062 585 nobis

88 613 263 670 meritorum
286 608 419 666 haereat.
456 621 535 681 quae
556 607 685 666 subinde
710 606 877 666 reficienda
903 614 963 679 est,
991 609 1063 682 quia

88 709 146 752 nec
160 693 275 751 reterre
292 697 393 765 potest
407 690 550 764 gratiam,
572 689 630 748 nisi
647 690 699 762 qui
714 689 861 760 meminit,
885 697 915 748 et
932 692 984 765 qui
1000 707 1061 749 mc·

88 777 254 835 miniteam
275 775 376 832 refert.
419 774 492 831 Nec
513 772 685 831 delicate
709 773 978 847 accipiendum
1002 782 1094 837 esta

88 875 158 918 nee
180 858 375 918 submisse
397 853 653 916 ethumiiiter.
682 871 750 914 nam
768 857 819 931 qui
834 858 1000 930 neglegens
1016 867 1063 918 est

87 944 119 1002 in
134 941 329 1016 accipiendo,
353 955 420 998 cum
437 955 525 998 omne
540 939 721 998 beneficium
738 954 847 998 recens
870 944 986 1014 [mepta]
1009 957 1062 1015 pa·

87 1033 166 1098 teat,
190 1024 263 1098 quid
288 1023 393 1096 saciet,
416 1039 485 1082 cum
510 1022 607 1096 prima
633 1021 699 1080 eius
725 1024 868 1096 voluptas
891 1024 1064 1084 refrixerit?

86 1105 787 1179 Aliusaccepitiastidiose,tamquam
804 1106 855 1179 qui
871 1106 1094 1180 dicat:„non3

89 1190 214 1265 quidem
230 1189 302 1248 mihi
315 1203 394 1261 opus
410 1196 471 1261 est,
496 1187 551 1248 sed
574 1187 645 1261 quia
669 1195 728 1246 taur
749 1189 839 1246 ualde
859 1189 921 1261 vis,
953 1191 1061 1250 faciam

87 1274 142 1333 tibi
158 1273 217 1333 mei
235 1277 444 1347 potestatem.“
475 1273 552 1330 alius
569 1271 692 1344 supine,
711 1278 740 1328 ut
757 1270 880 1330 dubium
897 1274 1074 1345 praestanti>

87 1356 253 1431 relinquat,
282 1371 321 1413 an
337 1356 476 1415 senserit.
505 1354 583 1412 alius
604 1355 656 1413 vix
677 1354 762 1412 labra
783 1354 902 1414 diduxit
916 1363 946 1414 et
963 1355 1062 1430 ingra-

88 1441 162 1513 tior,
189 1456 278 1513 quam
301 1439 327 1498 si
349 1439 509 1509 tacuisset,
537 1438 600 1496 init.
634 1437 884 1511 Loquendum
911 1445 970 1497 est
995 1447 1093 1513 proi

88 1523 353 1596 magnitudine
373 1522 427 1581 rei
442 1522 647 1595 inpensius
666 1521 761 1579 etiiia
776 1520 950 1580 adicienda=
975 1525 1061 1597 „piu-

87 1607 131 1665 ris
149 1622 238 1680 quam
254 1611 343 1678 putas
361 1604 533 1678 obligasti.“
561 1620 651 1664 nemo
667 1604 745 1662 enim
764 1621 825 1663 non
841 1606 954 1678 gaudet
968 1607 1060 1665 benc·

87 1690 192 1749 ficium
208 1704 297 1746 suum
312 1687 401 1745 iatius
414 1694 527 1759 patere.
557 1689 678 1759 „neseis
693 1688 764 1760 quid
778 1688 849 1747 milii
862 1691 1059 1762 praestiteris,

88 1771 146 1829 sed
170 1771 249 1828 scire
270 1774 299 1825 te
321 1775 454 1841 oportet,
475 1776 588 1843 quanto
616 1771 684 1844 plus
703 1770 741 1828 sit
763 1788 853 1844 quam
874 1773 1060 1832 existimas.“

90 1851 198 1913 Statim
213 1856 317 1925 gratus
333 1858 394 1924 est,
411 1852 461 1925 qui
480 1867 514 1910 se
530 1859 643 1911 onerat.
675 1868 859 1926 „numquam
872 1854 923 1912 tibi
935 1857 1060 1928 gratiam

89 1937 204 1995 referre
220 1942 339 2008 potero
372 1933 443 1993 iilud
462 1939 543 1993 certe
558 1950 617 1993 non
637 1935 775 1993 desinam
792 1933 905 2008 ubique
924 1938 1061 1998 confiteri

90 2035 140 2078 me
154 2020 267 2077 reterre
283 2034 344 2077 non
364 2023 490 2092 posse.“

152 2103 243 2162 XXV.
267 2102 354 2161 Nullo
376 2101 472 2174 magis
490 2100 650 2159 Caesarem
672 2101 842 2174 Augustum
865 2100 1013 2162 demeruit
1034 2110 1094 2165 etl

88 2185 129 2245 ad
145 2186 203 2244 alia
224 2186 402 2260 inpetranda
428 2185 547 2242 facilem
567 2183 626 2242 sibi
646 2184 778 2243 reddidit
791 2184 936 2258 Furnius,
970 2202 1059 2260 quam

90 2268 189 2344 quod,
217 2284 283 2327 cunr
306 2269 383 2342 patri
398 2267 586 2327 Antonianas
604 2274 705 2340 partes
722 2275 827 2328 secuto
843 2269 961 2327 veniam
974 2269 1059 2344 inpe-

87 2358 215 2423 nasset,
190 2351 325 2410 tdixit:
348 2355 426 2411 banc
441 2367 540 2423 anam,
559 2351 678 2425 Caesar,
696 2352 816 2411 babeo
804 2355 945 2412 vitiarium
963 2360 1060 2413 tuam:

88 2435 214 2507 effecisti
224 2439 435 2494 matvaemet
448 2451 579 2494 morerer
593 2437 694 2508 inprat
693 2453 736 2494 us.
764 2434 841 2508 Quid
852 2443 899 2494 est
910 2444 969 2494 tam
983 2438 1058 2510 grati

89 2515 182 2576 animi
209 2533 299 2591 quam
325 2519 408 2577 nulio
434 2517 525 2577 modo
554 2516 612 2575 sibi
631 2519 829 2578 satisfacere?
849 2534 939 2590 quam
960 2535 999 2577 ne
1020 2520 1060 2577 ad

89 2615 177 2674 spem
201 2601 322 2675 quidem
351 2599 544 2675 exaequandi
569 2617 714 2675 umquam
734 2600 875 2659 beneficii
891 2601 1062 2658 accederet

88 2683 145 2745 His
161 2691 252 2759 atque
270 2685 419 2744 eiusmodi
442 2683 570 2743 vocibus
586 2684 617 2742 id
632 2699 774 2757 agamuS,
795 2690 828 2741 ut
848 2683 990 2743 voluntas
1006 2698 1046 2741 no
1075 2698 1091 2749 a

89 2775 152 2827 stra
168 2784 228 2827 non
245 2768 348 2842 lateat,
373 2769 428 2827 scd
451 2769 603 2841 aperiatur
625 2775 655 2825 et
674 2768 783 2826 luceat.
821 2765 924 2824 Verba
939 2774 1061 2826 cessent

88 2852 173 2923 iicet,
197 2851 223 2910 si
250 2852 505 2924 quemadmodum
530 2849 677 2909 debemus
704 2849 814 2908 adiecti
837 2866 957 2924 sumus,
987 2867 1059 2910 con-

90 2934 217 2992 scientia
233 2934 376 2993 eminebit
388 2934 419 2992 in
434 2937 526 2994 voitu.
557 2934 612 3005 Qui
631 2942 734 3006 gratus
749 2933 944 3008 iuturusest,
960 2936 1060 2995 statim
1074 2948 1091 3001 3

90 3018 160 3076 dum
183 3017 308 3090 accipit,
330 3018 369 3076 de
388 3018 546 3076 reddendo
569 3016 688 3089 cogitet.
719 3017 909 3092 Chrysippus
937 3019 1060 3093 quidem

89 3099 161 3158 dicit
176 3100 258 3160 ilium
273 3102 355 3160 velut
374 3101 403 3158 in
429 3109 581 3161 certamen
605 3114 714 3160 cursus
738 3102 932 3176 conpositum
951 3110 980 3161 et
995 3104 1059 3162 caf-

91 3184 215 3244 ceribus'
227 3184 376 3242 inclusum
394 3184 528 3258 opperiri
542 3181 655 3242 debere
669 3193 789 3259 tempus
808 3201 905 3258 suum,
922 3185 960 3243 ad
977 3186 1060 3259 quod

89 3268 171 3325 vetut
187 3269 258 3326 dato
274 3268 362 3340 signo
378 3267 525 3341 prosiliat.
555 3273 584 3325 et
600 3268 721 3341 quidem
733 3285 843 3342 magna
855 3269 895 3327 iiii
908 3271 1060 3328 celeritate

90 3365 168 3423 opus
195 3358 256 3422 est,
279 3366 390 3424 magna
415 3351 622 3424 contentione,
651 3360 682 3411 ut
708 3360 914 3426 consequatur
940 3359 1059 3410 antece·

88 3434 218 3492 dentem.
