2364 3840
122 180 183 244 176
390 180 423 242 L.
445 177 591 237 ANNAEI
615 176 791 237 SENECAE

120 335 193 409 quia
217 331 338 408 pinguis
359 330 469 391 bumor
490 329 589 388 minus
610 328 698 388 facile
718 328 855 390 turbatur
875 337 906 390 et
924 330 997 390 ideo
1021 347 1093 406 quas

120 418 229 492 recipit
250 415 398 489 imagines
419 421 530 473 servat.
565 413 715 487 adparere
740 420 840 471 autem
861 413 1012 487 imagines
1038 431 1093 474 non

122 509 255 577 possunt
275 499 332 558 nisi
354 499 382 556 in
404 497 520 572 liquido
536 503 566 555 et
581 496 710 555 inmoto:
738 502 811 555 tunc
826 497 964 556 solemus
983 505 1093 569 notare,

121 583 378 659 quemadmodum
400 582 471 640 luna
486 580 544 640 soli
559 595 594 639 se
610 586 748 653 opponat
762 586 792 638 et
806 580 888 640 illum
903 586 990 641 tanto
1006 582 1092 641 maio-

119 685 183 726 rem
204 667 341 727 subiecto
363 678 496 739 corpore
516 663 703 735 abscondat,
726 663 818 722 modo
833 679 873 723 ex
889 670 994 739 parte,
1018 663 1093 724 si'ita

119 753 244 824 contigit
264 756 296 808 ut
316 747 396 806 latus
418 748 601 819 incurreret,
624 747 716 807 modo
737 754 842 807 totum.
886 747 973 807 Haec
990 746 1092 808 dicitur

119 836 257 908 perlecta
272 829 419 902 delectio,
443 846 522 903 quae
541 831 646 890 stellas
668 844 793 904 quoque
815 830 951 890 ostendit
965 837 995 890 et
1010 832 1090 890 inter-

119 917 191 990 cipit
206 918 319 986 lucem‚
341 920 412 972 tunc
428 913 560 986 scilicet,
584 930 652 973 cum
668 921 797 987 uterquc
812 913 896 973 orbis
913 913 973 973 sub
990 915 1090 975 eodem

85 999 297 1058 2libramento
319 995 409 1057 stetit.
446 996 706 1070 Quemadmodum
727 1012 800 1071 ergo
816 998 980 1072 utriusque
997 998 1088 1072 imago

118 1084 147 1142 in
164 1081 253 1140 terris
270 1080 390 1155 adspici
407 1087 522 1154 potest,
545 1081 586 1139 ita
599 1081 629 1138 in
645 1083 730 1153 aere,
757 1095 825 1140 cum
841 1081 886 1140 sic
901 1087 1032 1142 coactus
1047 1096 1090 1140 aer

119 1172 150 1226 et
170 1164 313 1239 limpidus
336 1162 485 1238 constitit,
506 1171 540 1223 ut
554 1162 662 1222 laciem
677 1163 753 1223 solis
769 1165 939 1239 acciperet,
963 1181 1053 1240 quam
1066 1171 1089 1223 et

119 1249 197 1309 aliae
218 1249 315 1308 nubes
338 1248 506 1322 accipiunt,
534 1248 591 1307 sed
611 1248 829 1322 transmittunt,
851 1248 876 1308 si
899 1254 955 1307 aut
969 1248 1087 1309 mobiles

120 1341 191 1393 sunt
205 1339 256 1393 aut
270 1348 358 1392 rarae
370 1339 421 1391 aut
431 1331 591 1392 sordidae:
613 1331 742 1392 mobiles
754 1332 833 1391 enim
845 1339 998 1406 spargunt
1008 1332 1087 1402 illam,

117 1432 206 1475 rarae
228 1417 378 1487 emittunt,
408 1414 553 1474 sordidae
574 1421 743 1489 turpesque
764 1430 825 1473 non
846 1415 999 1489 sentiunt,
1021 1417 1088 1476 sicul

119 1500 202 1574 apud
217 1515 275 1559 nos
290 1499 452 1570 imaginem
468 1498 626 1556 maculosa
642 1512 703 1555 non
717 1498 858 1557 reddunt.

87 1589 102 1641 1
181 1583 259 1641 Xlll.
294 1579 401 1640 Solent
425 1587 455 1640 et
478 1578 550 1638 bina
577 1580 642 1639 fieri
670 1581 807 1654 parlielia
830 1581 940 1641 eadem
968 1581 1086 1644 ratione.

120 1665 192 1739 quid
209 1665 287 1723 enim
303 1664 433 1737 inpedit,
456 1679 516 1737 quo
532 1661 631 1723 minus
645 1671 689 1724 tot
701 1665 772 1738 sint,
789 1670 865 1739 quot
876 1664 976 1726 nubes
988 1663 1089 1726 luerint

119 1755 209 1820 aptae
225 1747 264 1806 ad
279 1746 482 1806 exhibendam
498 1747 573 1806 solis
589 1747 741 1820 effigiem?
775 1747 902 1821 Quidam
918 1750 948 1808 in
964 1749 1016 1809 illa
1027 1764 1087 1809 sen-

95 1831 212 1889 ·tentia
232 1837 318 1904 sunt,
348 1832 490 1904 quotiens
512 1831 572 1890 duo
598 1831 761 1890 simulacra
786 1830 857 1890 talia
876 1832 1042 1907 exsistant,
1061 1837 1089 1890 ut

118 1914 253 1974 iudicent
272 1930 365 1974 unum
387 1929 459 1974 esse
482 1915 572 1987 solis,
594 1915 722 1973 alterum
743 1913 893 1988 imaginis.
925 1932 998 1976 nam
1013 1914 1088 1992 apud

118 2015 176 2057 nos
199 2013 323 2073 quoque
347 2013 414 2056 cum
437 1998 524 2071 plura
538 1998 664 2071 specula
679 1997 830 2072 disposita
845 2006 917 2058 sunt
931 1999 989 2074 ita,
1008 2007 1040 2059 ut
1052 1999 1088 2057 al·

119 2082 175 2141 teri
190 2081 230 2140 sit
244 2087 430 2154 conspectus
446 2079 583 2150 alterius,
604 2081 704 2140 omnia
715 2082 868 2155 inplentur
879 2089 910 2143 et
922 2099 985 2142 una
996 2084 1088 2157 imago

118 2179 193 2222 vora
214 2170 275 2234 est,
299 2170 418 2221 ceterae
439 2161 602 2236 imaginum
618 2164 736 2238 effigies
753 2171 832 2224 sunt
862 2164 936 2224 nibil
952 2164 1034 2226 enim
1047 2181 1089 2224 re

120 2246 190 2314 lert,
215 2245 288 2319 quid
310 2245 363 2316 sit,
386 2247 470 2319 quod
489 2246 615 2319 speculo
638 2249 829 2308 ostendatur:
852 2249 1002 2324 quicquid
1016 2250 1090 2309 euim

118 2327 215 2401 videt,
237 2327 345 2386 reddit.
384 2328 428 2386 lta
448 2327 508 2387 illio
525 2344 649 2404 quoque
668 2329 699 2389 in
715 2331 849 2406 sublimi,
872 2331 901 2392 si
916 2331 1015 2393 nubes
1031 2334 1089 2392 lors

119 2411 222 2486 aliqua
243 2411 408 2485 disposuit,
437 2418 469 2471 ut
487 2412 564 2470 inter
585 2428 619 2472 se
641 2416 846 2489 conspiciant,
875 2415 972 2476 altera
997 2415 1089 2477 nubes

85 2496 195 2555 asolis
216 2495 393 2569 imaginem,
420 2496 515 2554 altera
541 2495 681 2570 imaginis
702 2499 809 2559 reddit.
850 2499 970 2559 Debent
995 2508 1088 2560 autem

119 2580 177 2639 bae
203 2580 316 2651 nubeS,
345 2595 425 2653 quae
445 2578 505 2638 hoc
527 2586 696 2653 praestant,
723 2581 838 2641 densae
863 2597 951 2656 esse,
980 2583 1089 2653 laeves

119 2664 318 2737 splendidae,
346 2663 437 2736 plane
457 2669 582 2722 naturae
603 2664 688 2723 solis.
720 2663 759 2724 ob
780 2664 839 2725 ho'c
865 2665 969 2725 omnia
989 2665 1088 2727 huius-

118 2748 200 2805 modi
216 2746 378 2806 simulacra
394 2747 524 2805 candida
539 2754 610 2807 sunt
624 2756 653 2806 et
667 2746 777 2807 similia
791 2748 948 2809 lunaribus
962 2749 1088 2821 circulis,

42 2836 47 2845 “
119 2831 191 2904 quia
206 2845 245 2888 ex
260 2845 411 2903 percussu
427 2830 550 2903 oblique
565 2838 691 2905 accepto
707 2833 773 2890 sole
787 2832 1002 2906 resplendent:
1024 2848 1089 2893 nam

117 2913 145 2970 si
167 2912 244 2970 intra
265 2913 361 2971 solem
382 2914 478 2971 nubes
501 2914 590 2972 luerit
605 2919 634 2972 et
648 2915 847 2989 propior,‘ab
860 2930 897 2976 eo
914 2916 1088 2992 dissipatur.

118 2996 209 3067 longe
222 3001 322 3053 autem
337 2997 437 3068 posita
452 2996 555 3056 radios
570 3014 631 3058 non
646 2997 768 3058 remittit
781 3013 839 3058 nec
853 2997 1017 3074 imaginem
1027 2999 1088 3058 elli·

119 3077 173 3148 cit,
200 3077 271 3150 quia
287 3079 367 3150 apud
385 3094 443 3138 nos
456 3095 581 3153 quoque
596 3082 737 3155 specula,
760 3097 829 3141 cum
844 3099 862 3142 a
879 3083 970 3143 nobis
986 3084 1088 3159 procul

119 3159 250 3218 abducta
267 3165 351 3234 sunt,
375 3161 481 3220 taciem
496 3179 556 3222 non
572 3165 717 3238 reddunt,
734 3165 806 3240 quia
819 3164 902 3226 acies
914 3173 1087 3226 nostranon

84 3241 211 3302 dliabet
230 3258 332 3317 usque
352 3244 392 3302 ad
412 3261 469 3304 nos
490 3261 655 3307 recursum.
695 3249 870 3310 Pluviarum
887 3258 990 3311 autem
1010 3257 1042 3311 et
1060 3248 1086 3307 bi

118 3325 216 3397 soles,
238 3333 305 3384 utar
326 3327 405 3386 enim
419 3326 564 3389 historica
578 3331 695 3405 lingua,
717 3331 829 3392 indicia
843 3341 924 3394 sunt
945 3335 1049 3408 utique
1063 3329 1086 3391 si

116 3425 136 3466 a
156 3416 242 3484 parte
262 3411 356 3473 austri
373 3413 584 3487 constiterunt,
608 3415 707 3476 nubes
721 3415 792 3475 inde
806 3416 937 3477 maxime
951 3420 1082 3493 ingrate
