2364 3840
112 186 175 250 120
401 188 433 247 L.
453 185 601 246 ANNAEI
622 185 797 246 SENECAE

112 338 296 398 confusione
324 355 426 399 rerum
452 339 553 398 sidera
580 338 733 398 sideribus
764 336 920 399 incurrant
944 346 976 399 et
1004 347 1089 414 rupta

112 437 214 480 rerum
230 423 395 482 eoncordia
410 423 440 480 in
455 423 574 482 ruinam
588 421 695 492 divina
710 421 850 481 labantur
864 429 1089 498 contextusque

113 505 283 566 velocitatis
307 506 503 566 citatissimae
523 506 552 564 in
575 513 618 566 tot
639 505 745 564 secula
767 505 937 579 promissas
959 507 1046 566 vices
1062 507 1088 566 in

112 590 213 650 medio
228 589 335 649 itinere
346 588 489 649 destituat
500 596 530 648 et
542 604 622 663 quae
633 603 714 648 nunc
726 595 800 647 eunt
811 589 936 649 alternis
948 591 1087 650 redeunt·

114 688 174 747 que
189 671 372 747 opportunis
387 672 573 732 libramentis
588 673 734 733 mundum
748 687 789 731 ex
803 687 904 745 aequo
920 679 1087 748 temperan-

112 755 168 828 tia,
190 756 349 830 repentino
362 764 594 815 concrementur
604 755 747 816 incendio
760 763 840 817 etex
851 763 936 816 tanta
947 756 1089 816 varietate

113 842 272 898 solvantur
286 845 378 912 atque
393 847 463 898 eant
476 839 506 898 in
521 855 615 898 unum
631 840 741 898 omnia.
768 838 849 914 iguis
864 848 976 900 cuncta
990 840 1087 916 possi-

114 922 199 992 deat,
217 937 307 995 quem
322 922 435 982 deinde
451 923 538 997 pigra
549 939 612 983 nox
624 932 755 997 occupet
766 930 796 983 et
807 923 963 998 protunda
973 939 1088 998 vorago

113 1013 157 1065 tot
177 1005 254 1064 deos
277 1006 414 1065 sorbeat:
442 1014 490 1065 est
509 1007 598 1079 tanti,
621 1013 655 1066 ut
675 1013 706 1066 tu
728 1007 920 1081 coarguaris,
943 1006 1005 1068 ista
1020 1022 1088 1068 con·

115 1087 237 1146 rideret
268 1088 400 1151 Prosunt
411 1090 465 1150 tibi
480 1093 569 1150 etiam
585 1091 679 1150 invito
695 1097 829 1164 euntque
844 1089 904 1150 ista
918 1096 972 1150 tua
988 1105 1088 1163 causa,

114 1171 232 1231 etiamsi
246 1174 342 1232 maior
356 1174 414 1232 illis
430 1175 489 1233 alia
503 1191 539 1233 ac
555 1173 640 1248 prior
656 1188 751 1232 causa
765 1180 822 1234 est.

87 1277 100 1327 1
175 1255 278 1316 Xlllll.
307 1257 406 1318 Adice
428 1274 523 1331 nunc,
547 1257 631 1331 quod
650 1273 710 1316 non
733 1264 859 1317 externa
874 1264 989 1332 cogunt
1006 1258 1088 1329 deos,

114 1341 167 1398 sed
190 1357 246 1418 sua
272 1340 330 1401 illis
352 1340 381 1399 in
404 1342 501 1415 legem
523 1349 646 1400 aeterna
666 1342 808 1401 voluntas
832 1348 888 1400 est.
922 1348 1090 1401 statuerunt

114 1440 192 1497 quae
207 1441 268 1485 non
284 1431 450 1484 mutarent:
471 1423 574 1498 itaque
588 1440 650 1484 non
664 1431 795 1498 possunt
806 1424 903 1483 videri
918 1424 1028 1485 facturi
1040 1425 1088 1482 ali·

113 1508 201 1581 quid,
219 1511 358 1582 quamvis
381 1508 490 1579 nolint,
515 1507 587 1582 quia
608 1507 755 1583 quiequid
776 1505 919 1567 desinere
942 1524 1005 1568 nou
1021 1523 1088 1582 pos·

112 1599 197 1662 sunt,
219 1605 420 1665 perseverare
436 1592 611 1664 voluerunt,
634 1606 690 1650 nec
705 1607 850 1666 umquem
866 1590 956 1664 primi
971 1590 1090 1651 consilii

76 1679 101 1741 '2
112 1675 189 1734 deos
206 1675 350 1747 poenitet.
373 1673 446 1734 Sine
461 1674 554 1734 dubio
570 1682 651 1733 stare
665 1675 724 1734 illis
740 1684 770 1735 et
785 1674 961 1734 desciscere
976 1675 1008 1734 in
1020 1691 1088 1735 con-

113 1757 237 1816 trarium
260 1774 321 1817 non
342 1756 428 1832 licet,
450 1759 507 1818 sed
522 1775 583 1818 non
598 1758 638 1818 ob
653 1758 750 1830 eliud,
775 1773 866 1832 quum
882 1758 955 1831 quia
971 1759 1020 1818 vis
1036 1774 1089 1818 sua

112 1841 182 1900 illos
202 1841 232 1899 in
248 1843 408 1916 proposito
422 1850 514 1903 tenet.
536 1857 593 1901 nec
610 1842 804 1901 inbecillitate
819 1848 1013 1916 permanent,
1036 1842 1090 1902 sed

114 1925 259 1999 quianon
274 1925 346 1986 libet
361 1927 399 1985 ab
416 1924 538 2001 optimis
553 1926 695 1985 aberrare
709 1932 741 1985 et
751 1925 796 1985 sic
810 1925 854 1983 ire
865 1924 1024 1984 decretum
1035 1933 1089 1985 est

83 2009 145 2076 alu
163 2011 259 2084 prima
274 2017 373 2070 autem
388 2010 439 2069 illa
454 2010 685 2079 constitutione,
707 2025 776 2068 cum
787 2008 932 2069 universa
944 2008 1088 2083 dispone-

112 2102 194 2167 rent,
215 2096 313 2153 etiarn
325 2099 431 2152 nostra
445 2092 587 2152 viderunt
600 2093 810 2166 rationemque
825 2091 958 2151 hominis
975 2091 1089 2153 lrabue

112 2185 191 2236 runt.
213 2178 316 2250 itaque
332 2193 393 2234 non
409 2183 543 2250 possunt
556 2176 654 2234 videri
670 2192 726 2236 sua
741 2182 856 2235 tantum
871 2190 968 2234 ccusa
981 2177 1088 2235 decur-

112 2275 180 2318 rere
201 2269 230 2319 et
249 2260 403 2334 explicere
419 2274 498 2334 opus
515 2276 617 2332 suum,
641 2262 713 2333 quia
728 2275 800 2333 pars
818 2259 921 2333 operis
938 2275 1047 2319 sumus
1062 2264 1091 2318 et

113 2359 187 2402 nos:
209 2342 357 2402 debemus
372 2358 445 2416 ergo
462 2350 491 2402 et
506 2344 564 2402 soli
579 2350 609 2402 et
629 2344 718 2402 lunae
733 2350 763 2402 et
776 2343 886 2402 ceteris
903 2343 1090 2403 coelestibus

111 2426 309 2498 beneficium,
333 2425 419 2501 quia,
442 2427 560 2486 etiamsi
575 2426 693 2502 potiora
710 2426 769 2485 illis
786 2432 870 2496 sunt,
895 2425 924 2484 in
939 2441 1020 2500 quae
1031 2425 1088 2485 ori·

83 2519 211 2583 cuntur,
235 2526 292 2569 nos
308 2517 409 2569 tamen
428 2523 456 2568 m
473 2511 588 2571 maiora
603 2511 671 2569 ituri
686 2509 799 2569 iuvant.
835 2508 933 2568 Adice
948 2510 1035 2584 quod
1052 2524 1089 2570 ex

113 2594 263 2654 destinato
285 2594 403 2667 iuvant,
432 2595 565 2668 ideoque
587 2593 711 2667 obligati
734 2609 856 2666 sumus,
884 2592 956 2666 quia
978 2609 1039 2652 non
1059 2593 1088 2652 in

111 2678 294 2737 beneficium
311 2679 514 2752 ignorantium
528 2675 706 2748 incidimus,
728 2678 786 2736 sed
799 2677 890 2748 haee,
914 2690 995 2749 quae
1011 2676 1088 2736 acci-

112 2761 228 2836 pimus,
256 2770 440 2836 accepturos
461 2763 603 2820 scierunt.
640 2768 670 2820 et
695 2774 881 2835 quamquam
906 2759 1007 2820 maius
1031 2759 1088 2820 illis

113 2844 305 2921 propositum
326 2847 365 2907 sit
385 2846 544 2919 maiorque
560 2851 646 2903 ectus
661 2845 708 2904 sui
724 2846 841 2904 lructus
857 2857 949 2917 quam
964 2857 1088 2903 servare

112 2929 265 3004 mortalia,
286 2938 385 2990 tamen
408 2931 439 2987 in
461 2935 583 2988 nostras
600 2943 725 3002 quoque
741 2928 883 2987 utilitates
900 2943 919 2985 a
937 2927 1087 3002 principio

111 3029 211 3072 rerum
234 3015 509 3088 praemissamens
530 3017 576 3070 est
596 3020 625 3071 et
646 3012 672 3088 is
694 3012 770 3070 ordo
792 3011 905 3071 mundo
928 3010 1036 3082 datus,
1058 3016 1089 3069 ut

84 3098 258 3172 aadpareat
275 3114 379 3158 curam
397 3096 493 3155 nostri
512 3111 573 3154 non
593 3096 671 3154 inter
689 3095 793 3154 ultima
811 3094 954 3153 habitam.
990 3093 1088 3153 Debe-

112 3198 180 3240 mus
202 3181 377 3256 parentibus
400 3178 513 3237 nostris
537 3179 687 3251 pietatem.
715 3185 745 3237 et
760 3177 843 3238 multi
858 3193 919 3237 non
934 3184 968 3236 ut
983 3178 1087 3252 gigne·

112 3274 179 3325 rent
194 3267 344 3325 coierant:
367 3263 398 3321 di
415 3277 476 3320 non
493 3269 623 3334 possunt
637 3261 732 3320 videri
748 3261 902 3333 nescisse,
926 3260 1001 3334 quid
1015 3259 1087 3320 effe-

113 3349 188 3408 cturi
210 3353 329 3418 esseut,
356 3361 423 3404 cum
447 3345 748 3404 omnibus'alimcnta
768 3344 908 3418 protinus
925 3352 955 3402 et
975 3343 1088 3404 auxilia

112 3429 310 3506 providerim.
340 3443 397 3487 nee
418 3442 473 3487 eos
494 3443 550 3503 per
564 3429 786 3503 neglegentiam
801 3442 951 3502 genuere,
976 3427 1086 3502 quibua
