2364 3840
230 206 673 270 011111110110111111.
696 219 793 275 s-r.
942 213 998 286 ,03

60 361 112 420 iter
125 359 256 419 interdiu
272 360 407 432 fulgens:
431 375 525 434 negas
541 366 570 419 te
586 362 678 420 ulium
693 378 804 421 munus
820 365 1001 438 accepisset

60 458 146 501 ‚cum
161 442 234 515 ista,
260 459 339 517 quae
355 442 467 518 habes,
491 459 600 518 magno
616 445 773 519 aestimeS,
797 447 881 521 quod
897 455 944 508 est
958 450 1031 512 in-3

60 528 104 586 ati
124 525 271 596 hominis,
299 527 372 585 nulii
389 527 502 587 debere
517 536 546 586 te
568 528 708 587 iudicas?
741 530 830 589 Unde
844 530 898 589 tibi
912 532 1003 592 istum

60 626 119 670 rem
134 610 229 669 trahis
245 610 405 684 spiritum?
425 612 507 670 unde
522 612 626 684 istam,
643 628 698 686 per
715 629 806 686 quam
822 622 908 674 aetus
925 616 1004 674 vitae

62 694 241 767 aedisponis
257 702 348 769 atque
360 695 498 768 ordinas,
514 697 635 754 iucem?
653 697 735 756 unde
747 698 936 770 sanguinem,
953 715 1004 758 cu-

60 795 75 836 s
89 793 182 837 cursu
193 777 294 837 vitalis
307 780 476 839 continetur
485 781 588 838 001011
609 780 691 839 unde
702 781 761 840 ista
771 782 908 855 palatum
921 790 1005 842 tuum

60 860 192 935 ,poribus
215 863 376 935 exquisitis
399 863 477 922 ultra
498 864 665 923 satietatem
688 864 892 924 lacessentia?
923 866 1006 925 unde

60 960 104 1004 rec
124 945 316 1004 inritamenta
336 947 394 1005 iam
409 947 512 1005 iassae
525 948 712 1020 voluptatis?
733 950 815 1008 unde
831 949 889 1008 ista
905 949 1004 1023 quies,

73 1045 135 1104 qua
150 1031 303 1102 putrescis
319 1045 355 1088 ac
369 1037 509 1089 marces?
543 1031 666 1103 Nonne,
683 1032 709 1090 si
721 1040 824 1106 gratus
838 1049 887 1106 es,
905 1031 1035 1098 dices24

234 1113 314 1173 Deus
328 1114 409 1174 nobis
422 1115 497 1173 boec
511 1118 569 1175 0110
581 1115 665 1186 fecit.

113 1197 248 1272 Namque
261 1200 319 1256 crit
332 1200 381 1257 tlte
395 1199 469 1257 mibi
483 1215 599 1272 semper
614 1200 700 1272 deus,
722 1199 802 1257 iltius
816 1214 903 1256 urum

112 1280 210 1356 Saepe
224 1287 307 1341 tener
320 1284 427 1340 nostris
442 1283 480 1341 ub
494 1283 616 1341 coitibus
629 1283 729 1341 inbuet
742 1297 847 1353 uanus.

111 1365 171 1424 Ille
185 1381 266 1424 meus
282 1381 389 1424 errare
403 1366 500 1438 boves,
523 1372 555 1424 ut
567 1369 679 1438 cernis,
699 1373 728 1424 et
742 1367 838 1439 ipsum

111 1448 230 1509 ludere
247 1465 324 1524 quoe
338 1453 441 1509 vetlem
458 1453 574 1509 catomo
585 1452 722 1524 permisit
734 1452 854 1522 carecti.

60 1547 81 1590 e
104 1532 180 1591 deus
203 1539 334 1591 estnon
357 1533 407 1605 qui
429 1549 545 1607 paucas
568 1532 759 1605 boves,·sed
776 1532 827 1606 qni
843 1548 898 1606 per
914 1539 1035 1592 totum5

60 1615 135 1674 bem
157 1624 292 1675 armenta
313 1615 440 1688 dimisit,
465 1617 517 1691 qui
532 1616 676 1690 gregibus
692 1617 808 1690 ubique
823 1617 940 1690 passim
957 1632 1007 1674 va-

60 1698 171 1758 mtibos
191 1699 337 1772 pabulum
358 1706 508 1772 praestat,
533 1702 584 1773 qui
607 1716 724 1774 pascua
738 1699 874 1759 hibernis
890 1700 1008 1758 aestiva

60 1780 199 1853 rbstituit,
229 1781 280 1853 qui
301 1797 361 1840 non
382 1784 497 1841 calamo
514 1790 626 1842 tantum
643 1791 766 1842 cantare
783 1792 812 1842 et
826 1791 948 1856 agreste
964 1789 1007 1842 at·

60 1880 89 1922 re
104 1863 292 1922 inconditum
308 1879 429 1922 carmen
443 1865 483 1923 ad
498 1865 630 1939 aliquam
645 1873 744 1926 tamen
761 1865 1008 1925 observationem

62 1948 180 2007 odulari
197 1947 314 2021 docuit,
339 1947 396 2007 sed
414 1954 458 2008 tot
472 1957 569 2021 artes,
592 1954 637 2008 tot
647 1965 759 2007 vocum
770 1949 949 2020 varietates,
965 1955 1009 2010 101

60 2048 142 2105 mos,
165 2032 241 2090 alios
258 2030 366 2107 spiritu
382 2028 503 2106 nostro,
523 2033 599 2091 aiios
612 2039 738 2091 externo
751 2039 857 2091 cantus
871 2030 1008 2092 edituros

60 2123 219 2176 immentus
235 2124 291 2175 est.
327 2116 436 2190 Neque
451 2117 529 2175 enim
545 2123 650 2176 nostra
665 2117 724 2175 ista
740 2131 819 2190 quae
834 2116 1036 2174 invenimus6

62 2201 160 2272 ueris,
189 2217 251 2258 101
267 2201 379 2273 magio,
404 2217 495 2274 quarn
511 2201 595 2275 quod
611 2201 793 2274 crescimus,
816 2216 906 2275 quam
924 2200 1009 2273 quod

60 2286 68 2343 1
84 2285 279 2344 constitutum
292 2290 462 2357 temporum
474 2301 529 2343 sua
542 2283 663 2359 corpori
682 2284 783 2343 officia
800 2283 1006 2358 respondent:

60 2383 110 2427 inc
127 2367 288 2441 puerilium
304 2367 439 2427 dentium
457 2365 581 2443 lapsus,
604 2386 685 2428 nunc
701 2369 930 2442 adsurgentem
948 2367 1008 2424 iam

60 2457 161 2510 >tatem
183 2457 212 2508 et
231 2451 260 2507 in
276 2451 480 2510 robustiorem
495 2452 624 2525 gradum
639 2458 845 2510 transeuntem
861 2450 1007 2524 pubertas

60 2578 61 2589 ,
81 2533 204 2592 ultimus
226 2534 276 2592 iiie
297 2535 373 2593 dens
389 2536 525 2609 surgenti
541 2535 684 2595 iuventae
700 2533 860 2593 terminum
876 2546 1007 2605 ponens.

60 2618 125 2677 rsita
140 2626 210 2677 sunt
224 2616 314 2676 nobis
330 2621 462 2679 omnium
479 2627 610 2679 aetatum
626 2618 823 2689 omniumque
837 2616 944 2673 artium
960 2628 1008 2672 se-

61 2703 112 2762 ina
126 2702 333 2776 magisterque
348 2719 387 2761 ex
404 2704 524 2763 occuito
542 2704 618 2761 deus
635 2700 777 2775 producit
792 2699 923 2772 ingenia.

93 2786 159 2843 Vll.
188 2786 334 2859 ,‚Natura‚
358 2788 471 2861 inquit,
495 2786 570 2845 haec
592 2784 664 2842 mihi
681 2786 846 2858 praestat.“
880 2781 947 2840 Non
963 2780 1035 2842 in-l

60 2869 148 2942 llegis
160 2877 205 2942 te,
222 2864 290 2927 cum
304 2869 363 2930 hoc
379 2870 471 2943 dicis,
488 2876 604 2927 mutare
616 2884 726 2926 nornen
740 2866 821 2925 deo?
844 2866 917 2940 quid
929 2865 1008 2923 enim

61 2955 183 3013 iudt
136 2959 183 3012 est
207 2961 314 3012 natura
336 2970 427 3048 quam
449 2954 577 3013 deusct
598 2952 766 3010 divinat
720 2951 796 3010 ratio
818 2949 873 3009 toti
895 2949 1007 3008 mundo

60 3038 233 3112 artibusque
256 3038 322 3096 eius
341 3038 436 3099 insert
425 3044 477 3096 ta?
516 3035 662 3109 Quotiens
676 3035 778 3108 voles,
801 3034 855 3093 tibi
870 3035 940 3092 licet
955 3032 1006 3090 aii-

62 3140 76 3181 1
91 3122 172 3180 hunc
185 3127 340 3179 auctorem
353 3138 452 3182 rerum
466 3128 639 3180 nostrarum
652 3119 840 3194 conpellare:
863 3102 1008 3177 ctionem

60 3223 115 3265 um
132 3207 278 3281 optimum
294 3221 330 3264 ae
344 3205 508 3264 maximum
522 3204 578 3262 rite
593 3204 677 3262 dices
693 3211 722 3262 et
736 3209 891 3264 tonantem
907 3209 936 3260 et
948 3207 1007 3257 sta

60 3306 140 3349 trem.
175 3291 226 3365 qui
249 3306 326 3363 non,
347 3296 381 3349 ut
400 3289 536 3348 historici
562 3288 764 3361 tradiderunt,
793 3303 832 3345 ex
861 3301 897 3345 eo
925 3281 1009 3357 quod

60 3382 106 3432 ost
123 3382 225 3435 votum
241 3381 418 3447 susceptum
436 3374 518 3432 acies
533 3375 740 3434 Romanorum
756 3367 1009 3459 fugientiumste-

60 3465 82 3532 t,
106 3459 161 3517 sed
177 3460 261 3534 quod
273 3457 513 3519 stantbeneficio
527 3459 592 3519 eius
605 3457 719 3531 onmia,
739 3461 834 3515 stator
846 3449 1010 3511 stabilitor-
