2364 3840
303 196 355 256 nn
370 160 586 258 'nnnnrrcns
605 197 678 257 113.
690 199 728 257 v.
751 207 881 263 3-3.
1035 202 1078 265 oo

96 348 157 411 nisi
172 349 311 422 verterit,
333 348 391 406 nisi
404 349 604 422 Allobrogum
625 347 751 408 inillam
767 350 910 411 cohortes
929 353 1078 415 inmiserit

96 441 128 494 ct
142 442 227 494 11313
242 432 339 506 Alpes
353 431 469 490 accitus
484 432 583 491 hostis
599 439 702 491 vetera
715 441 747 493 et
758 434 892 507 ingenita
904 436 974 495 odia
985 439 1075 497 satia-

96 517 174 576 verit
188 531 225 574 ac
236 514 428 592 diudebitas
443 514 568 573 inferias
584 514 707 574 Gallicis
720 516 819 576 bustis
835 519 931 579 duces
946 519 1075 579 Romani

94 597 310 674 persolverint
345 597 484 671 Ingratus
505 597 536 656 C.
548 597 663 658 Marius
681 599 721 658 ad
736 601 928 661 consulatum
943 618 962 661 a
977 602 1104 678 caligap

94 683 280 758 perductus,
309 681 361 754 qul
382 680 440 738 nisi
461 678 617 740 Cimbricis
639 682 784 743 caedibus
809 684 948 744 Romana
967 687 1074 746 lunera

94 764 288 840 aequaverit,
310 762 369 822 nisi
389 762 488 822 civilis
509 762 590 822 exitii
606 770 636 823 31
656 767 864 829 trucidationis
881 784 943 828 non
957 775 1073 829 tantum

94 848 215 909 dederit
229 845 366 921 signum,
387 847 445 906 sed
459 848 527 921 ipse
545 848 665 923 signum
677 849 779 923 luerit,
800 867 909 925 parum
919 855 1073 918 multatam

93 947 131 992 ac
150 929 317 1006 repositam
337 931 367 988 in
393 929 526 1004 priorem
550 931 651 991 locuni
672 933 824 994 loctunam
843 951 930 995 suam
951 937 1071 996 sentiet.

91 1015 233 1089 Ingratus
255 1013 287 1072 L.
299 1013 398 1087 Sulla,
420 1014 472 1088 qui
493 1015 619 1088 patriam
635 1015 809 1077 durioribus
823 1019 967 1079 remediis
982 1033 1101 1095 qnama

92 1097 231 1173 pericula
244 1104 330 1157 erant
344 1098 479 1169 sanavit,
501 1098 553 1171 qui
568 1113 637 1157 cum
652 1114 670 1156 3
683 1099 879 1160 Praenestina
890 1116 961 1161 arce
973 1118 1073 1178 usque

73 1181 134 1240 ,ad
150 1180 295 1241 Collinam
310 1188 429 1254 portam
442 1195 498 1255 per
509 1183 688 1255 sanguinem
704 1181 868 1243 humanum
882 1185 1072 1259 incessisset,

91 1265 155 1324 alia
174 1264 271 1324 edidit
290 1264 320 1322 iu
342 1263 417 1322 urbe
431 1264 564 1338 proelia,
588 1264 664 1323 alias
680 1266 801 1325 caedes.
830 1266 967 1340 legiones
983 1268 1070 1340 duas,

92 1347 179 1421 quod
195 1347 318 1407 crudele
333 1355 395 1419 est,
412 1353 485 1421 post
496 1346 667 1419 victoriam,
684 1349 766 1423 quod
778 1350 880 1420 netas,
897 1350 1070 1422 postfidem

89 1430 124 1490 in
138 1432 251 1504 angulo
268 1438 431 1504 congestas
447 1429 669 1491 conuucidavit
682 1440 711 1492 et
729 1431 982 1507 proscriptionem
998 1449 1070 1493 con·

91 1520 214 1574 meatus
230 1520 291 1587 est,
314 1514 346 1572 di
360 1514 475 1588 magni,
497 1520 530 1573 ut
542 1511 594 1587 qui
606 1513 703 1574 civem
714 1516 882 1576 Romanum
896 1516 1071 1589 occidisset,

89 1597 307 1672 inpunitatem,
332 1598 508 1672 pecuniam,
538 1604 652 1656 tantum
672 1615 733 1659 non
759 1601 885 1659 civicam
901 1598 1069 1674 acciperet!

89 1682 233 1755 Ingratus
248 1680 300 1739 Cn.
312 1679 491 1754 Pompeius,
516 1681 567 1754 qui
582 1696 639 1754 pro
655 1681 751 1742 tribus
767 1683 991 1755 consulatibus,
1014 1699 1098 1757 pr04

88 1763 253 1839 triumphis
265 1764 370 1835 tribus,
385 1779 442 1838 pro
455 1769 499 1822 tot
510 1763 688 1838 honoribus,
702 1781 780 1838 quos
793 1781 831 1824 ex
845 1767 976 1825 maxima
985 1773 1070 1840 parte

89 1849 261 1907 inmaturus
284 1845 452 1920 invaserat,
482 1846 560 1905 hanc
582 1845 708 1920 gratiam
728 1848 914 1921 reipublicae
927 1849 1068 1922 reddidit,

90 1932 169 1992 utin
185 1928 418 2005 possessionem
432 1930 499 1989 eius
514 1928 592 1989 alios
606 1946 730 2005 quoque
741 1931 899 1991 induceret
911 1931 1000 2004 quasi
1014 1947 1067 2004 po-

90 2014 204 2075 tentiae
226 2028 301 2073 suae
322 2013 513 2074 detracturus
534 2011 692 2086 invidiam,
721 2013 748 2072 si
775 2014 858 2088 quod
878 2013 950 2072 nulli
977 2012 1069 2072 licere

89 2097 237 2170 debebat,
265 2096 403 2171 pluribus
426 2096 571 2159 licuisset.
605 2097 676 2156 dum
698 2096 939 2157 extraordinaria
955 2111 1069 2156 concn-

90 2181 184 2256 piscit
196 2178 338 2254 imperia,
361 2180 432 2239 dum
446 2179 635 2254 provincias,
650 2188 683 2240 ut
694 2181 799 2256 eligat,
815 2179 978 2255 distribuit,
995 2180 1068 2239 durn

87 2263 133 2325 ita
152 2270 233 2337 [cum
246 2264 346 2335 tertio]
363 2263 580 2338 rempublicam
596 2264 714 2336 dividit,
736 2271 879 2323 attamen
896 2265 925 2324 in
942 2281 999 2324 sua
1014 2264 1069 2324 do-

89 2352 142 2409 'mo
163 2347 244 2406 duae
264 2353 367 2421 partes
388 2358 506 2419 essent,
529 2362 567 2406 eo
587 2347 705 2421 redegit
725 2350 871 2422 populum
887 2349 1067 2420 Romanurn,

88 2439 124 2491 ut
143 2431 249 2491 salvus
271 2444 424 2490 essenon
447 2437 553 2504 posset
573 2429 632 2490 nisi
653 2431 802 2490 beneficio
821 2432 985 2491 servitutis.
1021 2431 1096 2501 ln-5

88 2520 196 2590 gratus
213 2513 281 2588 ipse
294 2512 431 2587 Pompeii
447 2513 544 2574 hostis
560 2529 595 2572 ac
612 2508 722 2573 victor=
745 2530 763 2572 a
781 2514 876 2573 Gallia
893 2512 1068 2572 Germania·

90 2611 153 2673 que
168 2596 280 2655 bellurn
294 2596 323 2654 in
340 2597 443 2655 urbem
461 2596 637 2670 circumegit
651 2604 680 2656 et
694 2597 743 2656 ille
759 2596 925 2670 plebicola,
947 2595 997 2652 1113
1011 2610 1066 2667 ρο·

89 2679 207 2757 palaris
223 2686 323 2738 castra
336 2679 366 2738 in
382 2679 464 2739 circo
478 2680 624 2738 Flaminio
637 2679 740 2753 posuit
752 2679 878 2754 proprus
892 2693 982 2751 quarn
993 2676 1067 2736 Por-

90 2778 187 2824 senae
207 2763 335 2822 luerant
369 2763 562 2837 Temperavit
583 2761 705 2837 quidem
725 2764 773 2822 ius
796 2762 1067 2835 crudelitatemque

87 2846 247 2907 victoriae.
270 2846 354 2921 quod
368 2845 471 2907 dicere
488 2845 619 2915 solebat,
637 2846 798 2919 praestitit:
821 2844 971 2904 neminem
987 2845 1067 2906 ocol-

89 2930 133 2991 dit
153 2928 212 2989 nisi
233 2937 390 2990 armatum.
423 2930 496 3005 quid
518 2944 591 3002 ergo
612 2933 679 2986 3311
705 2928 797 2987 331311
813 2944 896 2988 arma
912 2928 1066 2989 cruentius

89 3019 308 3085 exercuerunt,
331 3013 429 3074 satiati
445 3021 546 3074 tamen
558 3012 721 3086 aliquando
734 3012 922 3086 abiecerunt,
942 3012 992 3071 hic
1003 3013 1066 3085 gla-

89 3095 172 3158 dium
189 3095 249 3157 cito
263 3095 412 3171 condidit,
434 3111 600 3170 numquam
616 3095 727 3169 posuit.
763 3096 903 3170 Ingratus
914 3095 1094 3160 Antoninsc

89 3180 119 3239 in
134 3180 314 3240 dictatorem
329 3196 433 3254 suurn,
456 3195 546 3255 quem
562 3180 627 3238 iure
641 3194 764 3239 caesum
781 3177 995 3254 pronuntiavit.
1020 3177 1064 3235 in-

88 3264 270 3324 terfectores
285 3262 351 3322 eius
366 3267 396 3322 in
415 3263 587 3337 provincias
603 3270 633 3321 et
647 3261 775 3336 imperia
790 3263 915 3334 dimisit,
939 3261 1066 3336 patriam

89 3362 164 3408 vero
188 3346 485 3421 proscriptionibus,
518 3344 756 3418 incursionibus,
791 3346 878 3404 bellis
904 3345 1066 3403 laceratam

89 3436 163 3506 post
180 3435 226 3490 tot
245 3428 325 3488 mala
340 3428 504 3489 destinavit
517 3444 556 3487 ne
572 3429 717 3489 Romanis
733 3429 855 3504 quidem
872 3425 1010 3543 regibus:
1033 3429 1067 3482 ut

861 3518 875 3569 7
