2346 3832
153 179 215 244 142
449 181 483 241 c.
505 181 651 241 Annon
672 144 848 241 sunnone

151 351 213 396 non
242 335 369 395 interius
396 333 606 402 absconderit,
636 332 721 407 quod
746 347 807 392 nou
831 332 891 391 illis
915 330 1016 394 maius
1039 349 1136 410 quam

153 420 238 496 quod
253 418 371 479 detrahi
386 424 495 491 posset
508 416 632 491 pondus
646 416 797 476 iniecerit=
821 415 896 490 quid
910 424 983 477 sunt
996 416 1077 478 istae
1089 426 1135 480 ta-

151 505 257 575 bulae,
274 502 349 578 quid
364 501 597 576 conputatioues
613 508 643 559 ct
658 500 765 558 venale
782 506 905 574 tempus
919 505 950 559 et
965 500 1135 576 sanguino·

151 588 253 647 lentae
281 585 489 646 centesimae?
529 583 700 644 voluntaria
732 583 813 642 mala
841 598 881 643 ex
914 585 1136 645 constitutione

152 678 260 731 nostra
271 669 451 744 pendentia,
467 667 496 727 in
514 666 626 742 quibus
641 665 714 725 nihil
728 673 776 726 est
791 667 891 740 quod,
907 667 1007 727 subici
1023 667 1134 742 oculis,

117 771 134 821 ε
153 755 237 830 quod
252 753 347 813 teneri
364 767 454 810 manu
467 751 581 825 possit,
604 748 702 809 inanis
718 750 862 809 avaritiae
874 751 1005 811 somnia.
1036 751 1061 812 0
1078 751 1133 811 mi·

152 854 269 910 serum,
292 837 319 895 si
342 850 432 909 quem
455 835 584 894 delectet
607 833 778 907 patrimonii
798 833 846 894 sui
864 833 942 894 liber
956 850 1088 909 magnus
1103 842 1134 895 et

151 928 237 980 vasto
263 919 363 992 spatia
387 925 535 977 terrarum
562 918 691 977 colenda
723 932 778 991 per
800 915 922 977 vincies
943 925 975 978 et
998 919 1132 979 inmensi

149 1018 258 1077 greges
280 1017 427 1076 pecorum
449 1017 504 1076 per
526 1001 698 1075 provincias
715 1015 752 1060 ac
765 1015 861 1074 regna
876 1001 1027 1074 pascendi
1042 1009 1072 1063 et
1087 1003 1131 1062 la-

149 1084 231 1144 milia
246 1085 403 1146 bellicosis
418 1085 593 1145 nationibus
609 1083 705 1143 maior
718 1091 748 1143 et
762 1082 904 1143 aedilicia
917 1085 1041 1158 privata
1054 1085 1131 1145 laxi-

117 1176 240 1230 6totem
256 1168 375 1229 urbium
397 1184 573 1243 magnarum
595 1168 764 1226 vincentia!
795 1166 962 1228 cumbene
976 1167 1052 1240 ista,
1075 1184 1132 1244 per

150 1270 231 1329 quae
247 1253 369 1314 divitias
385 1270 459 1314 suas
474 1250 630 1327 disposuit
643 1266 679 1310 ac
694 1251 786 1322 ludit,
809 1251 1065 1339 circumspexerit
1079 1269 1129 1312 su-

148 1338 344 1412 perbumque
359 1353 394 1397 se
410 1336 528 1407 lecerit,
550 1334 591 1405 si,
613 1334 760 1409 quicquid
772 1332 878 1405 habet,
901 1334 929 1393 ei
946 1336 1032 1409 quod
1045 1335 1131 1412 cupit

149 1428 313 1495 conparet,
341 1435 459 1495 pauper
479 1424 536 1477 est.
575 1418 695 1478 Dimitte
716 1434 764 1477 me
786 1425 817 1477 et
835 1417 894 1476 illis
916 1417 1031 1479 divitiis
1052 1420 1129 1480 meis

147 1504 254 1562 redde.
290 1519 347 1577 ego
369 1518 496 1575 regnum
512 1501 680 1575 sapientiae
693 1501 779 1573 novi,
801 1516 957 1575 magnum,
974 1517 1129 1565 securtuu.

147 1603 204 1662 ego
220 1587 266 1645 sic
281 1585 382 1645 omnia
397 1585 511 1656 habeo,
527 1592 559 1644 ut
574 1585 708 1644 omnium
722 1585 811 1644 sint.“

116 1683 129 1732 1
207 1670 257 1727 XI.
286 1670 390 1744 ltaque
412 1684 480 1727 cum
496 1668 609 1727 Caesar
629 1667 674 1726 illi
695 1670 827 1728 ducenta
847 1668 993 1742 donaret,
1018 1669 1127 1730 ridens

146 1752 250 1810 reiecit
269 1767 326 1811 nec
348 1751 470 1825 dignam
492 1753 615 1826 quidem
641 1767 789 1811 summam
802 1750 959 1826 iudicans,
984 1770 1047 1827 qua
1065 1770 1127 1814 non

145 1842 273 1910 accepta
298 1836 486 1910 gloriaretur.
527 1836 563 1895 Di
589 1837 753 1910 deaeque,
786 1851 877 1910 quam
905 1836 1018 1909 pusillo
1043 1837 1127 1897 illum

113 1931 130 1982 2
147 1921 248 1981 animo
265 1928 316 1981 aul
329 1921 483 1980 honorare
499 1919 594 1979 voluit
607 1926 660 1978 aut
674 1925 884 1993 corrumpere!
919 1920 1127 1981 Reddendum

145 2006 269 2078 egregio
292 2006 357 2065 viro
379 2003 585 2064 testimonium
607 2010 662 2066 est.
691 2003 844 2076 ingentem
858 2017 922 2061 rem
940 2003 979 2062 ab
995 2003 1048 2065 illo
1064 2004 1126 2065 dici

146 2087 265 2160 audivi,
282 2104 349 2147 cum
364 2087 524 2146 miraretur
541 2087 604 2146 Caii
620 2084 817 2158 dementiam,
834 2086 917 2160 quod
932 2101 968 2146 se
983 2095 1126 2160 putasset

145 2171 219 2228 tanti
238 2185 334 2242 posse
356 2170 473 2227 mutari.
504 2173 532 2228 si
549 2176 710 2244 temptare,
728 2170 840 2243 inquit,
862 2185 908 2230 me
921 2174 1124 2246 concinueroi,

145 2257 200 2311 toto
215 2254 261 2310 illi
268 2252 322 2323 fut
328 2253 528 2324 experiendus
539 2255 671 2326 imperio.

113 2346 128 2396 1
206 2334 269 2392 Xll.
293 2334 431 2408 Sapienti
449 2349 522 2408 ergo
539 2335 647 2394 donari
661 2336 776 2411 aliquid
791 2342 907 2410 potest,
929 2336 1049 2397 etiamsi
1075 2352 1124 2398 sa·

144 2417 255 2493 pientis
271 2418 372 2479 omnia
385 2425 464 2478 suut.
484 2434 584 2493 aeque
597 2418 671 2477 nihil
686 2418 916 2493 p1·ohibet,cum
932 2420 1035 2481 omnia
1049 2420 1122 2481 ami-

145 2504 189 2562 cis
214 2504 352 2564 dicamus
373 2519 444 2563 esse
465 2501 651 2576 communia,
670 2502 785 2576 aliquid
806 2504 904 2564 amieo
920 2502 1038 2564 donari.
1061 2521 1121 2565 non

144 2588 223 2648 enim
238 2590 309 2649 mihi
323 2588 367 2649 sic
383 2604 451 2649 cum
463 2585 560 2646 amico
574 2586 745 2646 communia
756 2587 859 2646 omnia
872 2595 950 2660 sunt,
965 2588 1122 2662 quomodo

144 2687 211 2729 cum
233 2676 334 2746 socio,
360 2681 392 2733 ut
414 2688 487 2746 pars
509 2671 649 2743 messit,
671 2685 742 2744 pers
762 2668 857 2739 illius,
884 2670 941 2729 sed
964 2672 1121 2745 quomodo

143 2754 220 2825 patri
244 2757 394 2830 matrique
415 2770 592 2815 conrmunes
614 2754 700 2813 liberi
723 2761 802 2814 sunt.
832 2753 943 2828 quibus
967 2768 1037 2814 cum
1059 2757 1120 2817 duo

144 2842 227 2905 sunt,
254 2853 313 2896 non
344 2839 455 2913 singuli
483 2839 621 2913 singulos
649 2836 775 2909 habent,
803 2837 859 2895 sed
886 2837 998 2912 singuli
1019 2838 1119 2899 binos.

112 2917 270 2978 iprimum
292 2922 426 2982 omnium
449 2923 508 2982 iam
532 2921 678 2993 efficiam,
700 2928 733 2980 ut
751 2919 892 2994 quisquis
911 2927 959 2981 est
973 2920 1048 2996 iste,
1068 2922 1119 2997 qui

141 3015 189 3059 me
201 3000 230 3057 in
247 3002 421 3063 societatem
435 3012 535 3077 vocat,
552 3007 629 3064 sciat
645 3020 680 3064 se
692 3004 765 3062 nihil
779 3019 897 3063 mecum
909 3003 1025 3065 habere
1037 3020 1118 3067 com·

140 3099 240 3142 mune.
274 3093 389 3157 quare?
416 3088 488 3160 quia
510 3088 569 3147 hoc
586 3088 771 3149 consortium
787 3089 886 3148 solum
903 3087 982 3147 inter
996 3089 1118 3163 supien-

140 3176 187 3228 tes
202 3174 263 3240 est,
289 3168 365 3226 inter
387 3185 466 3241 quos
488 3171 619 3230 amicitia
641 3178 697 3231 est.
731 3171 823 3230 ceteri
838 3186 898 3231 nou
916 3173 1014 3246 magis
1030 3171 1117 3232 amici

112 3258 211 3313 ³sunt
227 3267 317 3324 quam
333 3251 418 3310 socii.
446 3252 564 3312 Deinde
578 3255 717 3326 pluribus
733 3253 833 3314 modis
849 3257 1022 3317 communia
1037 3263 1117 3317 sunt.

139 3335 300 3411 Equestria
316 3335 450 3395 omnium
464 3335 599 3408 equitum
614 3339 820 3397 Romanorum
836 3345 915 3397 sunt.
945 3339 977 3398 in
997 3340 1057 3401 illis
1074 3346 1116 3401 lu·

140 3438 210 3481 men
228 3422 314 3480 locus
330 3434 415 3477 meus
435 3419 468 3478 fit
482 3418 641 3492 proprius,
658 3437 748 3493 quem
765 3421 923 3495 occupavi.
950 3423 1011 3483 hoc
1027 3424 1054 3483 si
1069 3419 1116 3485 cui

142 3507 239 3582 cessi,
264 3503 401 3580 quamvis
423 3500 466 3563 illi
482 3501 634 3561 communi
649 3517 682 3560 re
698 3503 858 3585 cesserim,
882 3504 1116 3583 tamenaliquid
