2364 3840
135 215 311 275 SENECAE
330 216 472 277 NATUR.
487 214 649 291 QUAEST.
670 215 743 274 LlB.
754 215 804 272 Ill.
825 213 961 273 PRAEF.
1003 208 1065 274 213

94 368 180 440 dam,
207 369 279 430 dum
299 377 368 429 aeta
386 385 492 444 regum
507 357 702 428 externorum
717 372 896 440 conponunt
924 379 1066 439 quaeque

95 453 181 526 passi
207 453 335 513 invicem
361 453 489 528 ausique
511 462 583 512 sunt
603 452 724 526 populi:
751 456 865 525 quanto
886 448 983 507 satius
1008 454 1066 516 est,

95 551 150 595 sua
178 539 258 596 mala
286 537 481 610 exstinguere
512 552 603 610 quam
634 533 734 594 aliena
763 531 895 608 posteris
925 529 1067 590 traderet

95 626 209 693 quanto
234 620 351 693 potius,
376 619 503 680 deorum
529 634 625 694 opera
649 617 805 676 celebrare
831 632 924 690 quam
938 612 1066 688 Philippi

94 709 145 761 aut
167 702 336 762 Alexandri
356 704 514 763 latrocinia
533 710 782 774 oeterorumque,
804 701 856 776 qui
877 697 970 758 exitio
993 711 1065 770 gen·

92 785 166 844 tium
188 786 261 845 olari
281 800 343 845 non
364 787 497 847 minores
512 787 598 845 luere
613 794 717 860 pestes
732 785 900 844 mortalium
916 796 1008 857 quam
1023 779 1065 838 in·

92 869 232 941 undatio,
255 885 317 943 qua
338 872 459 944 planum
479 885 570 930 omne
585 870 742 943 pertusum
757 875 819 939 est,
841 882 931 942 quam
953 862 1067 924 contla·

92 953 205 1026 gratim
227 969 289 1025 qua
310 968 382 1027 pars
402 969 512 1027 magna
532 952 727 1011 animantium
743 953 882 1011 exaruit?
916 947 1098 1022 Quomodo

92 1035 214 1096 modum
235 1036 384 1095 Hannibal
405 1035 605 1111 superiecerit
624 1035 720 1109 Alpes
741 1034 887 1095 scribunt
921 1031 1065 1107 quemad-

93 1118 217 1178 modum
243 1120 438 1180 oonfinnatus
460 1117 628 1194 Hispaniae
659 1117 798 1177 cladibus
825 1119 937 1176 bellum
963 1115 1066 1175 ltaliae

92 1201 268 1276 inopinatus
288 1204 419 1263 intulerit
434 1203 600 1276 tractisque
616 1201 709 1259 rebus
723 1209 752 1260 et
767 1208 839 1273 post
854 1198 1066 1272 Carthaginem
1121 1256 1127 1267 ,

93 1287 232 1359 pertinax
246 1301 336 1360 reges
350 1287 552 1360 perornaverit
566 1287 674 1344 ducem
690 1284 884 1358 promittens,
900 1281 1065 1340 exercitum

91 1375 211 1443 petens.
234 1370 491 1443 quemadmodum
504 1386 566 1429 non
582 1369 707 1428 desierit
717 1366 857 1426 omnibus
869 1364 988 1438 angulis
1003 1363 1065 1420 bel-

92 1452 154 1510 lum
174 1466 270 1513 senex
292 1468 455 1526 quaerere:
478 1453 556 1512 adeo
578 1453 645 1512 sine
660 1450 757 1526 patria
773 1451 834 1525 pati
848 1455 981 1523 poterat,
999 1446 1066 1505 sine

91 1533 181 1594 hoste
194 1551 254 1595 non
272 1543 398 1610 poterat.
428 1535 546 1609 Quanto
562 1537 658 1596 satius
674 1542 736 1608 est,
753 1535 825 1609 quid
841 1531 1012 1592 laciendum
1028 1529 1067 1588 sit
1081 1546 1097 1601 7

93 1633 185 1692 quam
197 1619 271 1692 quid
286 1619 398 1678 lactum
414 1635 577 1693 quaerere,
594 1635 630 1678 ao
645 1621 757 1679 docere
772 1634 843 1691 eos,
860 1615 912 1691 qui
927 1630 983 1676 sua
999 1629 1065 1688 per·

91 1701 203 1760 misere
224 1702 377 1775 fortunae,
399 1703 470 1761 nihil
489 1704 597 1763 stabile
618 1702 656 1761 ab
673 1704 723 1761 illa
740 1703 842 1762 datum
866 1700 977 1770 luisse,
999 1697 1065 1759 eius

92 1785 195 1844 omnia
209 1801 283 1844 aura
298 1785 393 1845 lluere
411 1786 573 1846 mobilius?
594 1786 692 1845 nescit
706 1785 785 1844 enim
802 1786 976 1859 quiescere,
991 1797 1065 1855 gnu-

91 1866 144 1926 det
165 1868 253 1928 laetis
275 1868 372 1928 tristia
387 1868 586 1941 substituere,
604 1871 710 1942 utique
725 1868 863 1926 miscere.
895 1867 1001 1940 ltaque
1016 1879 1064 1922 se·

91 1949 202 2011 ouudls
224 1966 313 2011 nemo
336 1952 484 2024 confidat,
507 1952 647 2011 adversis
668 1966 757 2009 nemo
774 1949 909 2008 deliniat:
929 1949 1064 2007 alternae

91 2041 163 2093 sunt
182 2034 266 2093 vices
286 2050 395 2095 rerum,
427 2035 504 2108 Quid
524 2036 682 2095 exsultas?
696 2034 787 2102 haee,
812 2032 923 2107 quibus
944 2028 1098 2091 veherisb

90 2117 130 2175 ad
145 2132 311 2192 summum,
326 2119 429 2178 neseis
442 2120 493 2178 ubi
507 2118 692 2179 tereliotura
707 2118 780 2176 sint:
795 2115 951 2174 habebunt
966 2128 1064 2185 suurn,

90 2216 152 2259 non
167 2207 251 2262 tuum
266 2201 367 2261 linem.
397 2202 473 2274 Quid
490 2203 593 2262 iaces?
613 2202 651 2259 ad
669 2200 759 2259 imum
777 2200 897 2260 delatus
912 2214 961 2258 es:
984 2212 1064 2256 nuno

88 2283 179 2343 loeus
191 2291 239 2345 est
252 2286 443 2360 resurgendi.
458 2285 487 2342 in
500 2287 607 2345 melius
620 2286 759 2356 adversa,
772 2285 801 2342 in
813 2282 948 2344 deterius
962 2288 1065 2355 optata

89 2365 262 2428 fleetuntur.
291 2369 353 2428 lsta
373 2367 576 2442 concipienda
596 2375 643 2427 est
663 2367 762 2428 animo
779 2368 910 2427 varietas
927 2381 987 2423 non
1004 2364 1096 2437 pri-9

88 2457 228 2510 vatarum
250 2459 364 2511 tantum
386 2453 545 2523 domuum,
565 2468 642 2526 quas
661 2449 738 2510 levis
753 2466 845 2509 casus
862 2448 991 2522 inpellit,
1008 2446 1064 2503 sed

88 2533 288 2607 publicarum.
315 2550 409 2608 regna
433 2551 471 2594 ex
500 2535 602 2593 intimo
628 2540 734 2593 ooorta
759 2548 854 2605 supra
879 2531 1063 2603 imperantes

89 2618 304 2691 constiterunt,
321 2625 424 2677 vetera
438 2617 565 2692 imperia
582 2619 611 2677 iu
627 2618 696 2691 ipso
712 2614 789 2674 llore
805 2613 988 2672 ceciderunt.
1018 2609 1062 2666 in-

89 2700 189 2759 veniri
210 2715 271 2758 non
294 2708 397 2775 potest
416 2715 575 2770 numerus,
599 2716 690 2774 quam
711 2696 858 2756 multaab
880 2694 946 2753 aliis
969 2693 1063 2751 tracta

88 2783 164 2844 sinte
193 2798 275 2843 nuno
296 2784 496 2844 cummaxime
511 2785 587 2843 deus
603 2782 732 2841 exstruit
746 2779 820 2851 alia,
842 2777 901 2837 alia
916 2774 1063 2836 submittit

87 2880 145 2925 nee
169 2863 298 2926 molliter
318 2864 418 2941 ponit,
441 2867 497 2926 sed
519 2881 556 2924 ex
578 2864 699 2938 fastigio
722 2879 779 2923 suo
806 2862 904 2921 nullas
924 2858 1062 2920 habitura

86 2947 235 3025 reliquias
257 2950 356 3010 iactat.
391 2950 503 3023 Magna
525 2948 597 3020 ista,
621 2948 691 3022 quia
713 2945 800 3021 parvi
821 2962 942 3018 sumus,
965 2940 1103 3009 credi-10

86 3048 166 3093 mus.
196 3033 296 3093 multis
316 3034 409 3092 rebus
425 3048 486 3092 non
502 3046 541 3091 ex
556 3038 663 3090 natura
678 3045 750 3103 sua,
774 3030 831 3090 sed
845 3045 884 3088 ex
897 3027 1062 3088 humilitate

87 3115 212 3190 quidem
227 3123 332 3177 nostra
346 3115 522 3191 magnitudo
537 3120 594 3175 est.
617 3112 694 3184 omo
710 3114 908 3189 praecipuum
923 3111 953 3171 in
968 3109 1061 3168 rebus

85 3198 228 3259 humanis
251 3206 318 3259 estt
346 3216 407 3260 non
428 3198 580 3260 elassibus
598 3198 694 3258 maria
714 3198 878 3273 eonplesse
894 3209 951 3255 neo
966 3191 996 3252 in
1011 3207 1060 3251 ru·

86 3281 133 3341 bri
151 3280 245 3342 maris
265 3282 353 3342 litore
372 3283 460 3358 signa
479 3280 588 3342 fixisse
612 3296 670 3343 nee
694 3278 856 3341 delleleute
874 3277 915 3339 ad
935 3273 1061 3337 iniurias

85 3370 167 3424 terra
188 3379 311 3424 errasse
331 3365 361 3425 in
384 3380 501 3427 oceano
520 3364 627 3439 ignota
646 3382 675 3441 qt
882 3374 907 3421 ut
960 3356 1061 3419 aalma

86 3447 189 3506 omnia
204 3446 321 3507 vidisse
342 3453 386 3522 et,
407 3463 469 3523 qua
489 3448 586 3508 maior
599 3448 684 3509 nulla
923 3438 993 3501 ¹vitta
1005 3436 1061 3500 do·
