2364 3840
164 203 207 266 ol
434 205 468 263 L.
490 203 637 263 nullast
661 200 837 261 SENECAE

132 364 149 415 2
163 374 223 432 que
235 366 289 417 est.
321 358 409 417 Hunc
422 356 563 417 eumdem
576 363 606 414 et
621 356 715 415 latum
727 356 753 415 si
765 355 890 427 dixeris,
903 372 969 416 non
981 360 1147 419 mentieris

162 459 231 501 nam
252 459 318 501 eum
342 443 435 501 latum
455 439 528 499 nihil
548 440 630 498 aliud
651 439 690 498 sit
707 454 798 512 quam
816 439 914 498 series
929 439 1070 515 inplexa
1085 459 1147 505 cae·

162 543 281 598 sarum,
297 526 347 583 ille
359 531 407 583 est
422 524 519 597 prima
534 524 666 582 omnium
680 538 791 593 eausa,
808 537 847 581 ex
862 539 925 597 qua
935 531 1071 587 ceterae
1081 543 1147 603 pen·

162 611 244 668 dent.
282 609 500 682 Quaecumque
516 609 601 665 voles
616 606 657 664 illi
674 605 797 666 nomina
811 605 938 681 proprie
952 608 1086 683 aptabis
1097 612 1147 671 viu

161 694 295 768 aliquam
318 691 524 765 effectumque
546 691 725 750 coelestium
747 704 847 750 rerum
870 690 1088 755 continentia=
1112 702 1146 756 tot

163 774 387 851 adpellationes
404 776 470 833 eins
486 780 619 848 possunt
634 790 705 833 esse
721 781 796 849 quot
810 789 948 834 munera.

135 869 146 919 1
224 859 303 916 Vlll.
333 860 421 917 Hune
443 865 472 917 et
492 858 634 917 Liberum
657 866 773 932 patrem
791 866 820 917 et
834 857 1005 921 Herculem
1022 878 1065 923 ae
1079 862 1145 923 Mer·

162 943 277 1001 curium
301 942 396 1001 nostri
422 950 537 1017 putant.
577 941 719 1001 Liberum
745 950 876 1017 patrem,
911 944 989 1017 quta
1017 948 1145 1008 omniun

161 1041 274 1101 parcns
291 1026 344 1099 sit,
367 1027 448 1101 quod
465 1027 595 1103 primum
607 1026 731 1086 inventa
742 1026 891 1085 seminum
904 1026 954 1086 vis
968 1028 1073 1090 est**
1085 1048 1144 1092 eou-

162 1111 278 1170 sultura
293 1127 350 1184 per
365 1113 561 1186 uoluptatem.
597 1111 772 1183 Herculem,
797 1109 868 1185 quia
882 1108 932 1169 vis
951 1114 1027 1175 eius
1042 1114 1143 1175 invicta

162 1195 215 1269 sit,
245 1196 432 1270 quandoque
454 1197 569 1254 lassata
590 1195 680 1254 luerit
701 1194 847 1268 operibus
866 1194 977 1269 editis,
1003 1197 1143 1275 inignem

132 1281 334 1339 trecessura.
367 1279 566 1351 Mercurium,
587 1277 658 1351 quia
672 1278 749 1338 ratio
766 1293 862 1351 penes
877 1278 965 1339 illurn
978 1290 1035 1343 est
1050 1299 1138 1344 nume

160 1380 277 1438 rusque
299 1370 328 1422 et
350 1364 427 1422 ordo
450 1369 480 1421 et
503 1362 640 1420 seientia.
678 1362 877 1437 Quocumque
892 1368 922 1421 te
939 1362 1093 1441 flexeris,
1112 1366 1142 1426 ill

161 1448 244 1512 illum
268 1446 388 1505 ridebis
408 1452 617 1505 occurrentem
634 1444 695 1504 tibi.
724 1445 796 1504 nihil
812 1446 850 1504 ab
867 1446 918 1505 ille
936 1457 1052 1511 vacat:
1075 1466 1142 1527 opus

161 1547 250 1590 suum
271 1531 340 1603 ipse
361 1527 465 1602 inplet.
500 1530 582 1601 Ergo
604 1528 676 1587 nihil
698 1529 779 1604 agis,
802 1529 1019 1603 ingratissime
1042 1542 1140 1596 morta

161 1616 246 1683 lium,
271 1612 323 1685 qui
346 1618 375 1670 te
397 1627 492 1685 negas
515 1613 573 1671 deo
595 1612 722 1684 debere,
747 1613 802 1672 sed
824 1619 969 1674 naturae:
998 1620 1078 1694 quia
1097 1632 1140 1679 net

160 1705 267 1754 natura
291 1697 357 1753 sine
379 1696 438 1755 deo
460 1704 507 1755 est
530 1712 585 1755 nee
603 1697 681 1756 deus
697 1697 764 1757 sine
780 1705 902 1771 natura,
926 1699 1092 1763 sedidem
1106 1708 1139 1762 est

131 1786 339 1854 antrumque,
364 1786 445 1852 [nec]
464 1781 555 1840 distat
571 1780 683 1839 olficio.
722 1780 767 1851 Si,
791 1781 875 1855 quod
890 1781 1139 1847 aSeneeaaeea·

160 1862 279 1939 pisses‚
303 1865 431 1924 Annaeo
453 1872 482 1924 te
504 1865 617 1924 debere
632 1864 751 1923 diceres
767 1865 815 1923 rel
830 1865 943 1938 Lucio,
968 1885 1040 1931 non
1055 1870 1137 1931 credi

161 1956 257 2008 torem
280 1955 430 2023 mutares,
461 1949 517 2008 sed
538 1963 664 2018 norrren,
694 1949 836 2022 quoniam
863 1949 931 2008 sive
952 1966 1138 2027 praenomen

160 2033 225 2091 eius
242 2034 307 2091 sire
323 2048 435 2091 nomen
450 2033 585 2092 dixisses
601 2032 667 2089 sire
683 2047 868 2105 cognomen,
885 2031 968 2093 idem
983 2036 1138 2098 tarncnillt

160 2125 259 2175 esset:
283 2117 327 2174 sie
348 2132 428 2175 nunc
446 2125 584 2175 naturam
601 2130 693 2186 roca,
714 2116 821 2186 latum,
846 2116 1024 2196 fortunam,
1049 2118 1139 2184 omnir

160 2199 298 2257 eiusdem
318 2200 366 2258 dei
382 2200 505 2259 nomina
520 2205 591 2256 stmt
607 2198 689 2256 varie
706 2201 818 2258 utentis
833 2214 890 2257 sua
904 2207 1082 2274 potestate.
1112 2204 1139 2263 lit

160 2282 287 2355 iustitia,
316 2283 467 2357 probitas,
494 2278 669 2353 prudentia,
693 2282 849 2353 tortitudo,
872 2282 1043 2357 frugalitas
1059 2290 1138 2352 unius

160 2367 249 2424 animi
270 2365 353 2426 bona
374 2375 458 2425 sunt:
488 2362 635 2436 quicquid
656 2362 764 2424 horum
786 2365 839 2424 tibi
861 2365 999 2446 placuit,
1028 2375 1137 2435 animus

160 2450 269 2523 placet.

131 2542 147 2592 1
221 2534 270 2591 tx.
294 2532 356 2590 Sed
372 2545 410 2587 ne
425 2529 513 2586 aliam
530 2528 767 2601 disputationem
786 2548 825 2591 ex
846 2531 979 2608 obliquo
1003 2538 1136 2609 habeam,

158 2617 288 2691 plurima
301 2611 451 2672 beneficia
466 2625 502 2668 ae
517 2612 649 2671 maxima
663 2614 692 2672 in
709 2632 765 2674 nos
778 2616 855 2675 dens
868 2619 994 2683 confert
1005 2622 1081 2685 sine
1093 2638 1136 2700 ιρι

158 2697 342 2772 reeipiendi,
360 2692 502 2767 quoniam
519 2709 576 2752 nec
591 2695 640 2754 ille
656 2699 765 2758 collato
782 2707 920 2773 egetnee
935 2720 1001 2765 nos
1018 2708 1052 2769 ei
1065 2710 1136 2786 quio

160 2798 250 2856 quam
267 2777 406 2837 conterre
423 2791 605 2848 possumus:
628 2796 700 2854 ergo
716 2783 898 2843 beneficium
915 2802 977 2861 per
992 2807 1032 2852 se
1055 2808 1134 2871 expe

159 2865 252 2924 tenda
266 2875 317 2918 res
330 2866 386 2917 est.
408 2874 469 2916 una
485 2868 640 2934 spectatur
654 2866 682 2922 in
697 2880 733 2925 eo
750 2869 929 2941 accipientis
945 2875 1086 2939 utilitas·
1108 2872 1135 2937 al

128 2949 236 3006 thane
252 2941 437 3002 accedamus
453 2944 598 3018 sepositis
612 2950 781 3009 commodis
792 2952 917 3012 nostris.
939 2957 1091 3038 ‚micitia
1103 2960 1133 3022 tl

158 3029 238 3102 quit,
263 3024 424 3097 diligenter
437 3027 596 3102 eligendos
613 3033 723 3106 quibus
740 3034 889 3094 benelicia
910 3038 1049 3122 demus,
1077 3046 1133 3123 quir

158 3126 197 3169 ne
212 3107 365 3182 agricolae
382 3110 503 3183 quidem
520 3115 636 3174 semina
651 3117 752 3176 circuis
768 3119 969 3185 committant.
1010 3126 1133 3206 quodsi

158 3207 263 3250 rerum
278 3197 340 3261 est,
364 3202 497 3255 nostram
513 3198 667 3258 utilitatem
684 3199 712 3257 iu
729 3200 885 3266 beneflciis
900 3205 1023 3273 dandis
1041 3211 1131 3292 sequi

158 3292 239 3345 mur,
256 3277 511 3349 quemadmodum
528 3282 556 3340 in
572 3282 689 3341 urumlo
705 3286 918 3361 serendoque=
940 3298 1131 3373 nequeenim

157 3374 262 3418 serere
278 3376 446 3433 perseius
462 3363 635 3437 expetenda
650 3372 705 3424 est.
733 3367 893 3430 Praeterea
909 3382 1083 3459 quaeritis,
1096 3376 1131 3443 eui

157 3442 236 3501 detis
252 3443 447 3508 berrelleimm
471 3446 555 3521 «quod
577 3462 637 3506 uon
657 3457 739 3509 esset
761 3454 950 3535 laciendum,
975 3464 1007 3523 si
1031 3484 1091 3543 pes
1107 3478 1131 3525 sq
