2364 3840
128 194 191 257 102
411 194 445 256 L.
467 193 614 255 ANNAEI
636 193 813 255 SENECAE

124 346 270 422 perisset,
292 345 427 405 victurus
448 359 508 403 non
526 345 589 403 tuit
616 359 672 418 pro
687 343 753 404 eius
767 344 829 402 vita
843 342 1029 404 beneficium
1043 361 1100 406 non

123 431 235 502 debes,
258 428 345 488 cuius
360 429 450 488 vitam
465 434 534 487 tuae
549 428 708 502 praeterst
734 427 915 487 Etiamnunc
926 442 996 487 cum
1008 428 1099 489 fliium

121 521 205 572 tuum
221 512 357 585 servavi,
382 512 420 571 ad
435 527 534 585 genua
550 510 741 585 procumbis,
763 510 811 569 dis
827 518 898 570 vota
916 511 1014 571 soivis
1028 521 1098 572 tatu-

93 605 214 670 aquam
235 597 303 670 ipse
324 602 475 654 servatus.
512 595 583 654 litae
607 609 703 654 voces
724 602 837 654 exeunt
857 593 927 654 tibia
954 593 1037 653 Nihil
1058 596 1098 654 in·

121 688 214 739 terest
234 694 316 749 mea,
339 693 378 736 an
401 693 449 737 me
469 677 652 736 servaveris.
682 677 762 737 duos
778 677 922 737 servasti=
946 675 1040 739 immo
1054 693 1099 737 me

121 764 227 837 magis.
262 762 361 835 Quare
375 761 434 819 ista
448 761 542 833 dicis,
557 760 583 819 si
596 776 657 820 non
669 761 785 834 accipis
796 760 1002 820 beneficium?
1031 762 1099 836 quia

120 853 150 905 et
170 847 196 905 si
218 844 297 904 fliius
319 859 407 903 meus
430 845 589 917 pecuniam
606 851 738 903 mutuam
754 843 934 919 sumpserit,
956 845 1098 905 creditori

120 928 304 999 numerabo,
325 943 386 987 non
402 935 501 986 tamen
517 928 587 988 ideo
604 942 661 1001 ego
676 927 821 988 debuero.
855 927 927 1003 quia
939 934 970 987 et
980 927 1008 987 si
1021 928 1097 989 fliius

120 1027 207 1070 ruens
222 1011 252 1069 in
267 1011 416 1071 adulterio
431 1010 644 1084 deprehensus
656 1011 726 1082 erit,
744 1011 938 1081 erubescam,
955 1026 1020 1072 non
1031 1012 1097 1072 ideo

62 1094 65 1099 ’
90 1106 177 1168 sego
199 1109 251 1154 ero
273 1095 401 1155 adulter.
436 1095 512 1154 Dico
534 1109 582 1153 me
605 1093 656 1154 tibi
679 1092 844 1168 obligatum
865 1109 922 1169 pro
937 1094 1019 1168 titio,
1039 1111 1102 1154 non-

119 1180 191 1253 quia
206 1194 287 1249 sum,
312 1179 368 1237 sed
385 1180 456 1253 quia
470 1178 541 1238 voto
556 1193 605 1236 me
620 1177 731 1238 offerre
744 1177 798 1238 tibi
811 1177 981 1236 debitorem
993 1179 1097 1238 voiun-

118 1263 236 1321 tarium.
272 1263 313 1320 At
334 1262 474 1336 pervenit
494 1261 532 1320 ad
552 1277 602 1320 ma
624 1277 741 1320 summa
756 1277 795 1320 ex
810 1261 1096 1322 incolumitate-eius

117 1348 276 1421 voluptas,
301 1361 420 1405 summa
433 1344 545 1404 utititas
562 1351 591 1404 et
606 1345 742 1404 orbitatis
757 1344 975 1418 gravissimum
984 1347 1096 1406 vuinus

117 1429 221 1503 effugi.
256 1428 323 1488 Non
339 1427 495 1502 quaeritur
509 1443 605 1498 nunc,
631 1443 669 1486 an
692 1429 845 1501 profueris
867 1427 955 1500 mihi,
981 1428 1042 1488 sed
1061 1445 1097 1488 an
1129 1502 1130 1508 ἵ

116 1513 299 1572 beneficium
322 1511 455 1569 dederis.
489 1510 616 1585 prodest
637 1512 769 1570 enimet
787 1511 896 1570 animal
916 1519 948 1571 et
968 1513 1050 1586 lapis
1069 1519 1098 1571 et

116 1595 227 1666 herba,
244 1609 301 1653 nec
316 1602 415 1653 tamen
432 1592 615 1653 beneficium
631 1595 712 1666 dant,
729 1595 813 1668 quod
828 1609 993 1670 numquam
1010 1597 1098 1655 datur

88 1678 175 1745 anisi
191 1678 353 1737 avolante.
387 1677 432 1736 tu
448 1684 547 1736 autem
562 1693 622 1743 non
638 1678 685 1737 vis
700 1679 792 1753 patri,
814 1679 870 1738 sed
885 1677 948 1738 titio
961 1679 1048 1738 dare.
1069 1685 1098 1738 et

116 1762 234 1823 interim
256 1776 313 1820 nec
333 1761 413 1820 nosti
436 1760 558 1834 quidem
580 1768 705 1834 patrem.
739 1761 843 1837 itaque
875 1776 943 1821 cum
965 1761 1096 1821 dixeris*-

115 1842 196 1902 Patri
208 1859 280 1918 ergo
294 1843 475 1903 beneficium
488 1859 547 1903 non
560 1844 631 1904 dedi
642 1844 735 1905 filium
750 1846 816 1905 eius
829 1844 1007 1905 servando?
1025 1860 1096 1906 con·

114 1935 161 1988 tra
172 1927 320 2001 'obponez
348 1927 426 1986 Patri
448 1942 522 2002 ergo
544 1926 726 1987 beneficium
742 1927 813 1987 dedi
830 1943 919 2003 quem
934 1944 997 1989 non
1013 1921 1096 2002 novi,

116 2028 208 2085 quern
229 2027 289 2071 non
311 2011 463 2085 cogitavit
496 2011 533 2070 Et
553 2010 649 2084 quidt
684 2010 948 2086 quodatiquando
964 2014 1094 2084 eveniet,

114 2103 149 2155 ut
170 2102 284 2168 patrem
306 2095 423 2167 oderis,
446 2094 540 2153 fitium
555 2109 677 2153 serves=
699 2094 882 2154 beneficium
896 2093 925 2153 ei
938 2096 1095 2156 videbaris

85 2178 255 2247 8dedisse,
278 2177 327 2235 cui
345 2183 417 2235 tunc
433 2175 660 2238 inimicissimus
675 2193 745 2238 eras
761 2194 828 2237 cum
843 2179 957 2238 darest
984 2178 1050 2239 Sed
1063 2187 1097 2240 ut

115 2261 306 2332 dialogorum
330 2259 525 2322 altercatione
540 2262 676 2334 seposita
689 2269 842 2336 tamquam
857 2261 1095 2324 iurisconsultus

113 2343 334 2416 respondeam,
361 2358 465 2401 mens
487 2344 702 2417 spectanda
723 2353 783 2405 est
805 2345 949 2406 dantis=
977 2346 1094 2407 bene·

115 2425 248 2485 iicium
276 2425 309 2484 ei
336 2425 458 2500 dedit,
485 2424 545 2486 cui
572 2427 697 2487 datum
724 2429 859 2488 voluit.
893 2429 920 2489 si
945 2429 975 2489 in
999 2432 1094 2504 patris

113 2510 261 2570 honorem
277 2509 361 2581 iecit,
383 2516 470 2584 pater
484 2510 811 2584 accepitbeneiicium=
833 2512 891 2571 sed
902 2514 1094 2587 paterbene-

114 2593 184 2654 ficio
206 2592 237 2652 in
259 2592 353 2652 filium
375 2594 485 2653 collato
507 2609 568 2653 non
592 2594 756 2668 obligatur,
779 2595 898 2655 etiamsi
913 2595 1032 2656 fruitur.
1068 2598 1094 2658 si

113 2685 215 2736 tamen
236 2677 430 2736 occasionem
453 2675 606 2748 habuerit,
629 2679 711 2738 votet
730 2686 760 2738 et
781 2681 850 2754 ipse
867 2687 1026 2754 praestaro
1039 2680 1094 2740 ali·

114 2760 203 2833 quid,
227 2775 288 2818 non
310 2768 464 2835 tamquam
487 2760 627 2820 solvendi
648 2763 861 2822 necessitatem
882 2762 1008 2837 habeat,
1036 2765 1094 2824 sed

112 2851 266 2916 tamquam
287 2843 452 2917 incipiendi
472 2859 605 2903 causam.
640 2845 748 2919 Repeti
770 2861 789 2904 a
809 2853 895 2920 patre
909 2845 1093 2907 beneficium

113 2941 175 2984 non
196 2926 295 2987 debet.
327 2927 353 2985 si
369 2928 443 3002 quid
464 2943 520 3001 pro
540 2928 599 2986 hoc
618 2925 749 3001 benigne
770 2927 856 3003 iacit,
886 2930 1000 3004 iustus,
1030 2947 1092 2991 non

83 3015 215 3082 agratus
231 3017 286 3068 est.
323 3009 397 3069 Nam
411 3011 485 3070 iliud
499 3010 578 3069 finiri
594 3026 653 3070 non
670 3017 785 3084 potest:
808 3013 835 3070 si
851 3012 926 3087 patri
943 3014 983 3072 do
999 3014 1092 3073 bene·
1127 3021 1131 3028 ’

113 3091 231 3165 ficium,
255 3100 285 3152 et
299 3094 387 3153 matri
401 3099 431 3152 et
447 3109 505 3152 avo
521 3100 551 3152 et
565 3095 718 3154 avunculo
732 3100 762 3154 et
776 3094 879 3154 liberis
890 3103 921 3155 et
936 3096 1092 3158 adfinibus

112 3182 142 3234 et
158 3176 263 3236 amicis
279 3184 309 3236 et
324 3177 421 3235 servis
437 3183 467 3234 et
485 3178 610 3249 patriae.
635 3177 687 3236 ubi
701 3192 774 3251 argo
788 3178 971 3238 beneficium
985 3178 1093 3256 incipit

106 3256 215 3318 'staret
246 3258 357 3319 sorites
380 3259 461 3317 enim
480 3258 530 3318 iiie
547 3258 770 3335 inexplicabilis
785 3261 881 3335 subit,
902 3261 951 3322 cui
966 3262 1092 3324 diiticile

113 3348 161 3401 est
180 3343 302 3400 modum
322 3340 485 3416 inponere,
509 3343 581 3418 quia
596 3343 741 3418 paulatim
757 3345 895 3421 subrepit
910 3353 940 3405 et
960 3362 1021 3405 non
1037 3347 1093 3406 de-

114 3425 185 3483 sinit
202 3439 337 3500 scrpere.
356 3457 363 3469 ·
