2364 3840
111 204 153 268 20
400 204 432 261 L.
455 202 602 262 ΑΝΝΑΕΙ
623 201 798 261 SENECAE

112 356 384 427 11111111111111,
405 360 507 411 narret
525 354 575 426 qui
599 352 726 426 aceepit.
756 352 875 412 dicetur
900 356 981 414 enim
1007 357 1097 432 quod

113 440 154 499 illi
174 440 288 512 ubique
303 438 426 497 iactanti
448 435 629 494 beneficium
652 451 756 495 suum:
783 453 864 507 „non
883 439 1032 512 negabis,
1052 441 1097 500 in·

114 523 192 597 quit,
222 530 251 580 te
277 522 465 594 recepisse.“
496 526 526 576 et
551 533 619 577 eum
644 518 873 593 respondisset,
904 523 1097 595 „quaudot“

113 606 235 680 „Saepe
254 605 391 679 quidem,
415 603 525 675 inquit,
548 610 578 660 et
592 603 692 661 multis
710 603 802 663 loeis:
818 603 849 661 id
865 611 926 676 est,
950 607 1097 677 quotiens

84 699 144 758 aet
157 688 343 760 ubicumque
359 687 519 744 narrasti.“
542 685 620 758 Quid
634 702 714 759 opus
729 694 777 745 est
791 687 917 760 eloquit
931 688 1008 761 quid
1024 691 1098 749 alie-

114 790 186 833 num
208 785 361 844 occupare
379 768 537 828 officium?
565 777 612 828 est
634 769 686 843 qui
707 770 789 829 istud
808 770 909 829 111111
930 770 1097 833 honestius

114 856 224 931 possit.
258 869 318 928 quo
340 861 481 912 narrante
502 860 532 911 et
546 852 605 912 hoo
621 853 810 926 laudabitur,
839 854 921 928 quod
943 854 1015 929 ipse
1034 874 1097 918 non

114 954 232 998 narras.
270 938 421 1010 Ingratum
438 953 485 995 me
502 937 636 1008 iudicas,
659 937 685 995 si
706 935 789 995 istud
813 944 843 995 te
863 945 981 997 tacente
1004 957 1097 1002 nemo

116 1023 247 1082 sciturus
263 1027 330 1080 est?
348 1020 435 1093 Quod
451 1020 529 1079 adeo
546 1036 607 1080 non
622 1027 669 1078 est
681 1021 942 1094 eonrmittendum,
959 1031 993 1083 11
1006 1026 1098 1083 etiarn

116 1107 141 1164 si
159 1105 227 1179 quis
244 1119 346 1163 eoram
364 1103 452 1163 nobis
466 1101 608 1175 narrabit,
623 1104 876 1177 respondendum
889 1105 941 1163 sit:
958 1107 1097 1181 „dignis-

116 1189 212 1248 simus
230 1189 353 1262 quidem
369 1188 419 1245 ille
435 1195 482 1246 est
496 1187 662 1246 maioribus
678 1186 852 1261 benefieiis,
877 1188 933 1247 sed
955 1204 1016 1263 ego
1032 1207 1096 1250 ma·

116 1272 163 1346 gis
181 1274 258 1332 velle
271 1287 320 1331 me
335 1271 399 1330 seio
417 1270 520 1331 omnia
535 1269 576 1328 illi
593 1277 752 1343 praestare
773 1287 863 1344 quam
886 1271 987 1331 adhue
1009 1290 1097 1348 prae·

117 1356 263 1416 stitisse.“
291 1362 321 1413 11
335 1355 412 1414 lraee
429 1355 499 1427 ipsa
513 1369 575 1412 non
594 1353 748 1412 verniliter
769 1369 825 1413 111
842 1370 879 1413 11
895 1355 1010 1428 figura,
1036 1375 1099 1432 qua

118 1441 240 1514 quidam
266 1439 410 1509 reiciunt,
441 1451 521 1510 quae
547 1436 644 1510 magis
672 1437 711 1495 ad
742 1453 776 1496 se
801 1440 908 1498 volunt
923 1439 1099 1500 adtrahere.

84 1523 266 1587 4Deinde
283 1520 492 1580 adicienda
508 1522 629 1579 omnis
645 1519 873 1581 humanitas.
896 1522 1100 1598 Perdetagri-

118 1607 186 1666 eola
208 1606 292 1678 quod
313 1603 440 1677 sparsit,
465 1603 491 1661 si
512 1603 634 1662 labores
657 1619 731 1662 suos
749 1605 898 1684 ‘destituet
918 1605 946 1662 11
968 1609 1118 1666 semine«

118 1690 211 1747 multa
226 1703 300 1747 cura
315 1694 381 1746 sata
395 1685 603 1760 perducuntur
618 1686 657 1746 ad
670 1694 814 1760 segetem.
837 1689 910 1748 nihil
922 1689 951 1746 in
965 1689 1100 1750 11111111

118 1770 267 1846 pervenit,
287 1770 370 1843 quod
387 1785 448 1828 uon
461 1785 479 1827 a
493 1770 591 1842 primo
607 1786 707 1844 usque
722 1771 762 1829 ad
774 1779 942 1831 extremum
957 1773 1099 1848 aequalis

119 1856 237 1914 cultura
261 1853 471 1927 prosequitur:
502 1853 608 1912 eadem
635 1853 853 1914 beneficiorum
876 1855 1018 1917 condicio
1043 1865 1101 1918 est.

87 1947 104 1998 5
119 1937 271 2012 Numquid
288 1939 350 1996 ulla
364 1935 481 1997 maiora
498 1944 630 2009 possunt
644 1952 715 1996 esse
731 1953 821 2011 quam
839 1955 918 2012 quae
936 1938 966 1997 in
982 1940 1102 2002 liberos

120 2029 223 2096 patres
240 2023 422 2080 1111111111
448 2019 525 2078 haee
542 2027 640 2079 tamen
663 2020 751 2079 inrita
772 2030 857 2094 sunt,
882 2022 908 2081 si
923 2022 952 2080 in
972 2023 1103 2084 inlantia

120 2106 317 2173 deserantur,
341 2103 399 2160 nisi
422 2104 514 2175 longa
535 2104 632 2176 pietas
654 2121 765 2164 luanus
782 2122 871 2164 suum
886 2105 1009 2165 nutriat,
1043 2109 1103 2168 Ea·

121 2189 192 2247 dem
208 2195 378 2246 ceterorum
394 2186 611 2246 beneficiorum
629 2188 769 2248 condicio
785 2197 846 2249 est:
867 2190 925 2248 nisi
946 2190 1003 2248 illa·
1014 2191 1103 2251 adiu-

121 2270 221 2340 veris,
239 2268 361 2343 perdes,
391 2284 498 2342 parum
514 2279 561 2330 est
575 2270 715 2342 dedisse,
732 2273 866 2331 fovenda
880 2281 959 2333 suut.
988 2273 1015 2333 si
1032 2288 1103 2349 gra-

121 2363 171 2414 tos
187 2353 235 2410 vis
251 2352 365 2411 habere
380 2368 459 2426 quos
477 2353 610 2427 obligas,
631 2371 692 2414 non
707 2361 822 2414 tantum
838 2356 893 2414 des
909 2365 1034 2431 oportet
1049 2359 1102 2417 be-

91 2434 247 2507 duelleia,
271 2435 328 2495 sed
345 2450 439 2495 ames.
478 2435 659 2511 Praecipue,
680 2444 713 2496 11
733 2438 810 2512 dixi,
832 2456 997 2513 parcamus
1020 2443 1103 2502 auri-

123 2520 191 2578 bus.
222 2518 387 2578 admonitio
403 2520 536 2579 taedium
553 2521 637 2593 sarit,
660 2522 856 2595 exprobratio
874 2524 988 2584 odium.
1021 2525 1105 2585 Nilril

123 2617 222 2676 aeque
247 2603 277 2661 in
303 2603 453 2662 beneficio
479 2603 635 2662 vitandum
661 2611 709 2663 est
730 2621 821 2678 quam
842 2607 996 2681 superbia.
1026 2609 1104 2683 quid

124 2701 203 2758 opus
226 2685 405 2758 adrogantia
428 2686 553 2746 voltus?
580 2685 653 2760 quid
674 2693 791 2747 tumore
815 2691 999 2750 verborum?
1031 2691 1106 2767 ipsa

123 2784 174 2827 ros
190 2777 218 2827 11
230 2770 354 2828 extollit.
376 2769 565 2829 detrahenda
580 2777 628 2828 est
642 2768 740 2830 inanis
752 2772 888 2832 iactatio:
907 2789 957 2833 res
970 2776 1104 2849 loquen-

123 2860 172 2910 tur
187 2852 275 2912 uobis
291 2853 471 2912 tacentibus.
497 2851 564 2911 Non
580 2859 693 2912 tantum
710 2853 872 2929 ingratum,
895 2857 951 2916 sed
967 2858 1105 2920 invisum

124 2943 172 2994 est
187 2935 368 2996 bertellelum
383 2934 517 3008 superbe
533 2935 646 2994 datum.

94 3038 108 3088 1
186 3017 249 3076 xlt.
269 3020 299 3078 C.
313 3021 425 3077 Caesar
440 3017 524 3076 dedit
539 3016 629 3077 vitam
644 3017 788 3094 Pompeio
806 3022 924 3096 Penno,
941 3024 969 3083 si
984 3026 1041 3087 dat
1054 3030 1106 3104 qui

126 3117 185 3161 non
212 3103 324 3162 aulem:
348 3100 459 3159 deinde
480 3098 620 3161 absoluto
646 3109 675 3161 11
702 3105 802 3178 agenti
827 3108 939 3179 gratias
965 3114 1108 3184 porrexit

126 3186 327 3244 osculandum
343 3182 499 3241 sinistrum
516 3183 634 3257 pedum.
664 3186 719 3260 Qui
735 3200 885 3250 excusant
899 3199 927 3249 et
942 3205 1059 3267 negant
1075 3196 1106 3256 id

126 3269 307 3327 insolentiae
324 3281 420 3324 eausa
434 3267 561 3328 lurtum.
579 3266 662 3330 ulum
676 3273 833 3330 socculum
845 3283 994 3348 auratum,
1011 3278 1107 3341 immo

126 3365 254 3409 1111111
277 3347 448 3421 margaritls
477 3348 650 3411 rllstinrtum
675 3355 838 3414 ostendere
860 3372 927 3416 eum
955 3363 1109 3423 voluisse,

127 3433 168 3490 ita
184 3447 327 3505 prorsus:
353 3431 424 3506 quid
443 3431 489 3493 ltlr
506 3437 757 3498 rotttumetiosum
770 3447 831 3501 est.
855 3441 881 3498 si
900 3443 947 3500 rir
960 3450 1105 3508 consula
