2364 3840
115 171 176 236 196
398 172 429 229 L.
451 168 597 229 ANNAEl
620 169 795 229 SENECAE

114 329 177 386 sica
193 333 249 385 est.
274 325 343 383 talia
357 322 487 382 eduntur
501 323 645 392 tonitrua,
666 337 734 381 cum
750 322 933 396 conglobata
949 324 1086 385 dissolui-

113 419 160 470 tur
181 409 278 468 nubes
301 415 331 466 et
351 423 433 478 eum,
458 423 519 480 quo
541 405 673 464 distenta
688 406 798 475 iuerat,
822 407 961 481 spiritum
983 410 1088 468 emisit.

111 493 167 552 llic
190 492 313 568 proprie
336 493 466 564 lragor
488 489 608 560 dicitur,
636 489 755 548 subitus
774 496 804 547 ct
824 489 1008 565 vehemens,
1031 509 1088 566 quo

112 578 194 636 edito
218 576 382 635 concidunt
404 574 542 633 homines
564 579 593 631 et
613 572 839 644 exanimantur,
870 575 996 648 quidam
1018 592 1088 635 vero

112 662 173 719 viri
198 666 322 733 stupent
347 666 376 717 el
401 659 430 716 in
458 666 553 716 totum
573 656 631 716 sibi
652 654 812 728 excidunt,
840 673 921 731 quos
943 674 1088 719 vocamus

113 744 329 813 adtonitos,
358 757 489 815 quorum
511 748 627 798 mentes
651 755 747 800 sonus
773 740 824 799 ille
850 742 997 801 coelestis
1023 744 1088 803 loco

83 828 236 903 lpepulit.
276 825 332 883 Hic
353 824 418 883 lieri
440 825 490 883 illo
508 840 632 897 quoque
654 824 745 883 modo
764 830 881 898 potest,
906 832 939 884 ut
954 824 1087 887 inclusus

112 927 164 970 aer
176 926 252 968 cava
264 909 344 967 nube
357 915 386 966 et
398 914 480 967 motu
493 908 561 981 ipso
574 906 961 968 extenuatusdiilundatur.
982 909 1088 969 deindo

113 994 184 1053 dum
199 992 342 1052 maiorem
358 992 416 1050 sibi
435 993 534 1051 locum
551 989 683 1066 quaerit,
704 989 1021 1067 aquibus-involutus
1036 1002 1087 1065 cst,

113 1093 221 1137 sonum
239 1075 358 1150 patitur.
393 1074 470 1148 Quid
485 1080 606 1134 autem?
634 1090 694 1133 non
711 1074 969 1148 quemadmodum
985 1077 1088 1136 inlisae

113 1161 189 1220 inter
211 1176 245 1218 se
266 1176 373 1220 manus
399 1162 539 1233 plausum
562 1158 669 1228 edunt,
698 1158 744 1216 sic
768 1158 927 1219 inlisarum
952 1159 1033 1220 inter
1057 1176 1088 1219 se

114 1244 236 1305 nubium
259 1261 355 1304 sonus
382 1252 580 1319 potestesse
607 1257 755 1316 magum,
785 1242 857 1316 quia
881 1258 994 1317 magna
1020 1261 1087 1304 con·

113 1335 257 1388 currunt?

85 1418 100 1469 1
174 1413 307 1471 XXVlll.
337 1411 521 1483 „Videmus,
545 1407 663 1484 inquis,
685 1409 783 1468 nubes
804 1409 919 1484 irpingi
936 1411 1087 1472 montibus

113 1512 169 1555 neo
182 1513 292 1554 sonum
304 1494 400 1554 lieri.“
425 1494 556 1553 Primum
569 1493 702 1552 omnium
714 1510 776 1553 non
789 1508 987 1569 quocumque
999 1495 1087 1556 modo

112 1579 220 1638 inlisae
242 1585 325 1647 sunt,
349 1583 474 1649 sonant,
498 1577 554 1637 sed
572 1577 599 1635 si
614 1583 684 1650 apte
700 1585 771 1637 sunt
785 1577 1025 1651 conpositae-ad
1041 1594 1088 1638 so·

112 1679 184 1723 num
200 1661 367 1720 edendum=
391 1676 516 1720 aversas
530 1662 607 1720 inter
621 1676 655 1719 se
668 1677 776 1721 manus
788 1661 913 1733 collide,
930 1678 994 1722 non
1006 1664 1087 1738 plau·

113 1747 199 1818 dent,
222 1745 278 1803 sed
296 1747 396 1820 palma
411 1761 477 1805 cum
491 1746 592 1820 palma
604 1746 713 1804 collata
725 1746 866 1819 plausum
877 1745 959 1806 lacit.
984 1754 1015 1806 et
1026 1749 1087 1822 plu·

112 1830 218 1889 rimum
234 1827 360 1887 interest
373 1836 474 1889 utrum
487 1844 581 1889 cavae
593 1829 804 1888 concutiantur
816 1845 853 1887 an
867 1829 981 1904 planae
995 1837 1026 1890 cl
1038 1844 1087 1889 ex-

112 1920 222 1973 tentae.
263 1913 380 1973 Deinde
402 1930 463 1973 non
482 1919 598 1973 tantum
619 1913 663 1970 ire
684 1913 782 1972 nubes
804 1918 942 1986 oportet,
965 1914 1024 1973 sed
1042 1913 1087 1988 agi

84 2006 222 2072 anragna
244 1999 273 2056 vi
294 2007 324 2057 et
345 1998 528 2072 procellosa.
569 1995 667 2056 Adice
687 2011 783 2069 nuno,
812 1996 897 2070 quod
918 2012 1009 2057 mons
1029 2013 1087 2057 non

113 2082 200 2141 findit
214 2081 340 2152 nubem,
360 2081 416 2139 sed
428 2079 536 2154 digerit
548 2087 578 2139 ct
590 2079 715 2153 primam
728 2096 882 2155 quamque
894 2088 1014 2155 partem
1025 2081 1088 2141 eius

113 2165 213 2223 solvit.
235 2179 275 2221 ne
291 2161 395 2221 vesica
411 2164 532 2236 quidem
545 2179 740 2239 quocumque
755 2164 847 2224 modo
863 2164 1005 2238 spiritum
1019 2165 1088 2224 emi-

113 2246 166 2315 sit,
197 2251 296 2304 sonat.
319 2246 344 2304 si
366 2247 445 2305 lerro
469 2244 567 2304 divisa
588 2254 649 2319 est,
676 2248 742 2306 sine
765 2248 828 2307 ullo
854 2248 974 2309 aurium
997 2263 1089 2308 sensu

113 2330 189 2388 exit=
211 2329 310 2403 rumpi
330 2329 411 2387 illam
432 2337 566 2403 oportet,
589 2339 623 2389 ut
643 2338 744 2405 sonet,
767 2348 829 2391 non
850 2333 961 2392 secari.
1007 2333 1087 2391 Idem

113 2413 152 2472 de
172 2411 303 2474 nubibus
324 2411 409 2472 dico:
432 2413 490 2472 nisi
510 2415 604 2473 multo
625 2415 731 2489 inpetu
752 2416 933 2490 dissiluere,
961 2432 1024 2477 non
1043 2430 1087 2474 re-

113 2507 232 2558 sonant.
274 2496 372 2556 Adice
392 2512 489 2568 nunc,
512 2498 593 2572 quod
616 2498 713 2558 nubes
734 2500 764 2558 in
779 2507 913 2559 montem
928 2507 1016 2560 actae
1030 2514 1088 2560 non

112 2583 300 2658 tranguntur,
316 2581 372 2642 sed
384 2579 665 2641 circumfunduntur
676 2588 706 2640 et
716 2583 745 2640 in
759 2583 877 2658 aliquas
889 2588 995 2658 partes
1007 2599 1087 2651 mon·

112 2667 164 2740 tis,
187 2669 217 2726 in
233 2666 351 2727 arboris
366 2681 485 2738 ramos,
509 2666 649 2738 lrutices,
673 2681 785 2741 aspera
799 2667 1087 2728 saxaeteminentia

112 2751 151 2808 ita
172 2751 363 2822 diducuntur,
387 2759 419 2810 ot
434 2750 460 2809 si
482 2765 573 2824 quem
595 2749 709 2809 habent
725 2749 878 2825 spiritum,
899 2752 1086 2812 multifariam

83 2832 260 2905 amittant,
286 2835 337 2907 qui
358 2832 417 2893 nisi
438 2834 600 2894 universus
621 2833 766 2909 erumpit,
795 2851 855 2895 non
873 2843 989 2910 crepat
1024 2836 1086 2895 Hoc

111 2923 144 2973 ut
159 2916 256 2984 scias,
277 2924 402 2989 ventus
426 2919 477 2992 qui
493 2917 575 2977 circa
589 2918 727 2977 arborem
740 2918 873 2992 finditur,
895 2917 1011 2994 sibilat,
1028 2934 1085 2979 non

111 3005 205 3057 tonat.
239 3000 315 3072 lato,
342 3007 375 3059 ut
397 3001 437 3059 ita
459 3002 573 3075 dicam,
603 3002 664 3061 ictu
687 3011 717 3062 et
738 3010 832 3063 totum
852 3003 979 3077 globum
995 3003 1085 3064 semel

112 3083 281 3224 dissipante
303 3099 380 3156 opus
403 3093 463 3158 est,
486 3094 519 3145 ut
535 3085 652 3146 sonitus
668 3095 820 3161 erumpat,
844 3088 944 3162 qualis
959 3087 1083 3158 auditur,

113 3181 181 3223 cum
197 3174 268 3225 tona
284 3209 289 3222 .

173 3249 277 3308 XXIX.
305 3249 427 3308 Praeter
447 3250 524 3310 haec
546 3261 653 3313 natura
674 3262 761 3328 aptus
782 3262 830 3314 est
851 3270 905 3315 aer
925 3257 967 3315 ad
983 3270 1081 3317 voces.

112 3332 238 3404 quidni?
265 3349 332 3392 cum
351 3349 414 3392 vox
435 3332 508 3393 nihil
530 3337 611 3396 aliud
632 3338 672 3397 sit
685 3354 776 3413 quam
789 3339 868 3398 ictus
883 3354 947 3398 aer.
976 3340 1082 3401 debent

111 3431 184 3490 ergo
206 3417 303 3477 nubes
325 3415 476 3492 utrimque
496 3418 591 3479 inseri
614 3430 643 3481 et
664 3437 758 3481 cavae
773 3430 803 3482 el
821 3421 966 3484 intentae.
999 3423 1081 3483 vides
