2364 3840
261 194 313 254 ull
332 191 544 253 BENEFICIIS
566 191 639 250 LlB.
651 192 689 250 V.
712 199 844 251 20-24.
979 189 1040 253 105

60 359 161 421 quare
177 341 311 403 dubitem
327 350 357 402 et
371 341 428 401 sibi
443 342 585 402 meliores
598 341 710 402 etmihi
722 341 845 402 laceret
866 342 1072 415 boemenia-2

60 445 125 504 que
148 435 294 501 potuero,
323 441 454 500 peccare
475 425 658 500 prohibeb0,
682 425 893 499 multomagis
915 426 1044 486 amicum

60 519 93 571 et
111 526 152 570 ne
173 514 282 584 peccet
296 516 326 569 et
340 524 379 568 ne
394 509 425 569 in
439 524 488 567 me
504 507 694 583 potissimum
711 515 829 582 peccet.
861 511 987 568 alterurn
1002 511 1044 569 illi

58 594 246 655 beneficium
268 593 324 665 do,
351 592 378 651 si
398 593 481 651 illum
502 593 651 666 ingratum
673 608 744 652 esse
765 609 826 653 non
844 594 952 666 patior.
986 609 1044 654 nec

61 678 140 739 dure
161 676 203 737 illi
226 675 420 751 exprobrabo
443 691 523 750 quae
544 676 694 750 praestiti,
721 676 778 735 sed
799 692 890 751 quam
916 684 1042 751 potuero

59 760 259 834 mollissime,
280 767 313 820 ut
326 766 510 834 potestatem
523 759 703 818 referendae
718 758 833 833 gratiae
849 760 972 831 taciem,
995 776 1043 819 re-

59 843 187 928 novabo
202 844 378 902 memoriam
393 843 460 903 eius
476 849 505 902 et
519 851 620 917 petam
634 841 831 903 beneficium:
854 842 922 917 ipse
936 861 985 904 me
995 859 1043 903 re-

60 936 171 1005 petere
192 928 353 1000 intelleget.
394 927 569 1000 Aliquando
591 934 659 986 utar
678 926 780 986 verbis
803 927 994 1002 durioribus,
1017 928 1072 987 sib

54 1011 220 1087 ⁴emendari
240 1012 324 1070 illum
346 1025 512 1085 speravero
538 1026 643 1084 posse.
676 1023 746 1068 nam
767 1011 957 1085 deploratum
973 1029 1043 1086 pro-

60 1104 132 1172 pter
151 1095 212 1154 hoe
229 1108 353 1169 quoque
375 1110 434 1154 non
451 1094 627 1167 exagitabo,
651 1109 689 1151 ne
704 1108 743 1150 ex
758 1094 875 1167 ingrato
890 1095 1044 1155 inimicum

60 1179 184 1240 faciam.
221 1177 338 1251 Quodsi
359 1176 575 1236 admonitionis
598 1189 722 1251 quoque
738 1177 980 1250 suggillationem
998 1179 1043 1237 in·

59 1261 159 1339 gratis
174 1260 368 1333 remittimus,
392 1261 550 1334 segniores
566 1260 606 1319 ad
620 1260 778 1318 reddenda
790 1260 939 1320 beneficia
951 1261 1042 1321 iacie-

60 1363 144 1406 mus.
181 1345 337 1419 Quesdam
360 1361 434 1404 vero
456 1345 610 1403 sanabiles
632 1344 727 1416 etqui
744 1342 810 1402 fieri
824 1344 898 1402 boni
913 1345 1072 1418 possintn

60 1431 89 1491 si
112 1430 187 1504 quid
209 1429 277 1487 illos
303 1429 512 1500 momorderit,
543 1425 642 1502 perire
666 1427 816 1501 patiemur
837 1427 1044 1487 admonitione

61 1513 201 1584 sublata,
224 1529 284 1585 qua
303 1518 333 1571 et
353 1519 440 1585 pater
460 1511 553 1570 lilium
576 1512 742 1586 aliquando
764 1512 896 1570 correxit
916 1518 945 1570 et
964 1527 1044 1570 uxor

60 1597 205 1656 maritum
225 1595 415 1654 aberrantem
435 1597 473 1653 ad
493 1611 527 1653 se
541 1595 663 1654 reduxit
676 1602 705 1655 et
719 1593 836 1655 amicus
850 1596 1043 1669 languentem

61 1679 154 1741 amici
169 1679 260 1738 fidem
276 1678 380 1737 erexit.

126 1763 232 1824 XXlll.
264 1762 391 1834 Quidam
406 1768 438 1821 ut
455 1759 721 1835 expergiscantur,
741 1778 802 1821 non
821 1760 964 1835 leniendi,
987 1762 1070 1821 sedl

64 1845 281 1908 commovendi
296 1852 383 1905 sunt:
406 1845 515 1904 eodem
531 1844 622 1904 modo
638 1845 838 1917 quorumdam
854 1845 893 1903 ad
910 1846 1043 1903 releren-

64 1933 138 1991 dam
152 1928 279 2004 gratiam
293 1929 371 1988 fides
387 1944 448 1987 non
465 1935 580 2000 cessat,
601 1927 657 1985 sed
672 1928 804 2000 languet.
831 1928 910 1986 hanc
925 1929 1043 2001 pervel-

63 2015 174 2074 lamus.
198 2013 284 2086 „Noli
300 2028 410 2072 munus
427 2018 510 2070 tuum
526 2011 554 2068 in
570 2010 707 2071 iniuriam
724 2018 851 2070 vertere.
876 2010 983 2069 iniuria
998 2017 1045 2069 est

62 2099 155 2171 enim,
167 2095 237 2156 siin
249 2097 309 2156 hoe
321 2112 381 2155 non
393 2095 518 2169 repetis,
531 2100 563 2153 ut
572 2095 707 2167 ingratus
716 2093 783 2153 sim.
802 2093 885 2168 quid,
898 2093 924 2152 si
935 2094 1043 2167 ignoro

64 2181 142 2259 quid
154 2181 336 2240 desideres?
354 2179 427 2254 quid
440 2178 465 2237 si
475 2177 727 2251 occupationibus
740 2178 894 2237 districtus
903 2183 933 2236 et
944 2178 973 2236 in
985 2178 1044 2236 alia

63 2272 195 2326 vocatus
217 2263 411 2324 occasionem
434 2278 495 2321 non
517 2260 701 2320 observavit
732 2262 862 2322 ostende
881 2261 953 2320 milri
969 2261 1043 2336 quid

63 2348 201 2426 possim,
219 2347 292 2421 quid
306 2346 392 2406 velis.
421 2346 519 2419 Quare
535 2345 700 2419 desperas
716 2352 878 2419 antequam
893 2351 1072 2419 temptasti

64 2446 163 2508 quare
187 2445 335 2507 properas
351 2435 381 2488 et
399 2427 580 2488 beneficium
596 2434 626 2487 et
643 2429 771 2491 amicum
787 2429 938 2503 perderet
962 2428 1045 2486 unde

64 2517 128 2577 seis
142 2515 235 2574 nolim
248 2530 285 2572 an
297 2512 449 2586 ignorem,
465 2512 584 2573 animus
597 2528 635 2571 an
648 2513 775 2571 facultas
788 2511 868 2570 desit
878 2510 972 2568 mihit
991 2526 1044 2568 ex-

64 2597 197 2674 perire.“
219 2596 401 2657 Admonebo
412 2611 494 2670 ergo,
507 2613 567 2656 non
580 2610 761 2667 amare,non
775 2596 885 2668 palam,
897 2592 1044 2652 sineeon·
1113 2625 1116 2629 ·

62 2683 161 2753 vicio,
183 2680 243 2753 sie,
265 2689 298 2740 ut
313 2696 347 2739 se
362 2677 482 2738 redisse
497 2680 527 2737 in
543 2679 734 2747 nientoriam,
752 2693 812 2737 non
828 2673 934 2735 reduci
950 2682 1044 2749 putet.

127 2765 236 2823 XXIV.
260 2765 388 2823 Causam
403 2763 524 2822 dicebat
538 2762 622 2837 apud
637 2761 739 2820 divum
754 2759 861 2819 lulium
876 2775 915 2817 ex
929 2764 1072 2824 vetera-1

65 2847 114 2908 nis
142 2848 266 2921 quidam
293 2849 384 2921 paulo
411 2845 571 2906 violentior
595 2846 746 2903 adversus
771 2842 889 2904 vicinos
916 2858 991 2902 suos
1017 2850 1047 2902 et

65 2947 163 2992 causa
176 2931 374 3006 premebatur.
393 2930 559 3001 Meministi,
576 2927 687 3002 inquit,
703 2930 871 3002 imperator,
886 2930 918 2986 in
928 2927 1046 3001 Hispe-

64 3019 118 3076 nia
137 3018 229 3075 tatum
248 3017 405 3075 extersisse
421 3017 504 3072 eirca
521 3006 704 3071 Sucronem?
733 3026 801 3070 cum
817 3011 929 3070 Caesar
943 3008 1045 3069 memi-

65 3099 155 3158 nisse
169 3113 204 3157 se
218 3097 359 3168 dixisset,
380 3098 536 3156 meministi
547 3097 679 3169 quidem,
701 3093 831 3168 [inquit]
847 3096 899 3154 sab
915 3095 1046 3168 quedem

65 3183 176 3242 urbere
190 3183 340 3240 minimum
354 3181 476 3239 umbrae
489 3185 648 3253 spernente
661 3194 727 3238 eum
738 3182 824 3239 uelles
834 3179 967 3237 residere
974 3177 1047 3249 ser-

66 3267 233 3326 uentisseno
246 3268 306 3324 sete
318 3270 347 3324 et
360 3270 434 3323 esset
444 3264 627 3336 asperrimas
640 3265 736 3332 iocus,
754 3265 785 3320 in
800 3277 856 3335 qao
870 3278 910 3320 ee
923 3261 1047 3334 rupibus

66 3351 163 3410 acatis
183 3350 273 3408 unica
293 3349 347 3408 itte
368 3348 458 3406 arbor
472 3352 628 3420 eruperat,
650 3347 806 3419 quemdem
821 3360 861 3402 ex
874 3346 1047 3402 commilito-

64 3431 155 3493 nibus
171 3433 315 3509 penatem
334 3446 419 3490 suam
438 3425 651 3489 substravisse?
683 3429 754 3488 Cum
777 3427 907 3486 dixisset
921 3425 1075 3484 Caesame
