2364 3840
114 166 157 233 04
402 169 436 227 L.
457 168 605 228 ANNAEI
627 166 802 229 SENECAE

85 335 101 392 1
174 322 211 383 Χ.
234 320 421 382 Beneficium
437 327 484 379 est
495 319 686 394 praestitisse
699 320 813 394 aliquid
826 320 946 381 utiliter.
969 321 1095 382 verbum

115 413 215 466 autem
231 404 489 480 praestitisse
510 403 548 463 ad
562 405 640 462 alios
652 411 780 478 spectat.
802 404 959 479 Numquid
970 421 1035 464 non
1047 407 1095 466 da·

114 505 201 549 mens
218 489 377 562 videbitur,
391 489 443 563 qui
459 487 575 562 aliquid
587 486 765 547 vendidisse
779 488 838 547 sibi
853 503 889 548 se
900 487 1007 548 diaeta
1028 490 1095 566 quia

115 572 249 632 venditio
270 573 413 632 alienatio
436 580 484 631 est
505 578 535 630 et
555 571 600 630 rei
621 585 696 631 suae
718 571 855 647 iurisque
877 571 907 631 in
927 586 968 632 ea
989 573 1039 632 sui
1060 574 1096 632 ad

115 659 205 717 aliurn
222 656 392 716 translatio.
416 655 499 729 atqui
517 654 774 730 quemadmodum
790 655 940 729 vendere,
964 655 1011 716 sic
1028 657 1096 717 dare

114 741 228 815 aliquid
250 756 268 798 a
284 754 318 798 se
333 737 483 797 dimittere
499 745 546 797 est
560 745 591 798 et
604 739 634 797 id
650 739 733 813 quod
749 738 898 812 tenueris,
921 737 1094 800 habendum

114 825 201 883 alteri
221 823 358 882 tradere=
381 821 466 896 quod
487 823 514 881 si
535 829 596 895 est,
623 821 806 882 beneficium
822 838 913 883 nemo
928 822 990 883 sibi
1006 824 1096 897 dedit

115 908 187 982 quia
209 922 298 964 nemo
314 907 366 964 dal
381 905 456 965 sibi=
479 905 593 981 alioqui
610 906 672 966 duo
688 906 838 967 contraria
852 907 882 966 in
898 920 962 967 uno
979 915 1096 975 coeunt,

85 999 147 1063 put
161 990 200 1048 sit
215 989 295 1048 idem
310 990 430 1048 dorcet
445 990 596 1064 accipere.
632 989 812 1050 Etiamnunc
828 991 957 1051 multum
973 991 1096 1052 interest

114 1077 192 1134 inter
207 1074 281 1132 dare
295 1081 326 1133 et
336 1074 492 1148 accipere:
516 1074 643 1149 quidnit
665 1090 732 1133 cunr
745 1089 783 1133 ex
795 1075 921 1135 diverso
932 1076 994 1135 ista
1007 1077 1096 1136 verba

114 1160 217 1234 posita
232 1157 301 1217 sint.
330 1158 413 1233 atqui
429 1158 455 1217 si
473 1157 541 1232 quis
557 1158 616 1217 sibi
630 1157 813 1217 beneficium
828 1158 895 1232 dat,
917 1158 994 1219 nihil
1009 1161 1095 1220 inter-

115 1251 163 1303 est
183 1244 260 1302 inter
275 1242 348 1301 dare
363 1249 394 1301 et
411 1243 562 1316 accipere.
595 1241 689 1300 Paulo
704 1250 776 1302 ante
790 1241 931 1302 dicebam
946 1246 1095 1318 quaedam

116 1327 154 1386 ad
171 1327 248 1386 alios
266 1326 417 1399 pertinere
433 1333 463 1384 et
477 1324 521 1385 sic
537 1341 608 1384 esse
623 1327 768 1399 formata,
789 1333 822 1385 ut
836 1333 899 1386 tota
914 1327 1094 1402 significatio

115 1412 234 1471 illorum
250 1410 390 1469 discedat
404 1426 422 1469 a
436 1408 543 1468 nobis=
565 1411 658 1468 frater
673 1425 755 1480 sum,
779 1410 836 1469 sed
850 1411 993 1484 alterius,
1010 1426 1094 1471 nemo

117 1501 164 1554 est
179 1495 258 1553 enim
275 1509 351 1552 suus
366 1495 467 1552 frater.
492 1508 547 1566 par
562 1508 643 1562 sum,
667 1493 722 1552 sed
738 1493 836 1553 alicui.
861 1496 931 1569 quis
947 1497 1031 1556 enirn
1045 1511 1096 1572 par

117 1587 164 1638 est
184 1577 263 1636 sibit
302 1575 390 1648 Quod
409 1584 608 1650 conparatur,
629 1576 695 1634 siue
716 1577 811 1637 altero
829 1595 890 1638 non
906 1581 1095 1654 intellegitur.

118 1661 201 1735 quod
216 1660 357 1733 iungitur,
372 1661 440 1718 sine
454 1661 549 1719 ultero
561 1677 622 1719 non
636 1667 695 1720 est:
719 1661 764 1720 sic
777 1670 806 1722 et
817 1664 900 1737 quod
913 1663 1015 1738 datur,
1034 1665 1095 1724 sine

86 1747 211 1808 saltora
232 1758 293 1802 non
316 1749 377 1817 est,
401 1751 432 1804 et
452 1744 634 1805 beneficium
649 1745 716 1805 sine
730 1746 825 1806 attero
842 1762 903 1807 non
919 1754 976 1806 est.
995 1739 1000 1747 '
1016 1749 1095 1806 ldenr

115 1828 186 1903 ipso
200 1826 348 1886 vocabulo
361 1828 503 1902 adparet,
522 1830 550 1888 in
564 1845 625 1902 quo
638 1829 697 1888 hoc
711 1829 881 1890 continetur
892 1830 1094 1891 benefecisse.

116 1928 205 1972 nemo
227 1920 327 1972 autem
350 1911 409 1970 sibi
430 1912 597 1986 benefacit,
621 1929 681 1972 non
704 1913 801 1987 magis
823 1930 914 1989 quarn
930 1914 990 1974 sibi
1009 1917 1094 1987 favet,

117 2013 207 2072 quarn
229 2012 352 2056 suarum
374 1996 505 2069 partium
527 2004 583 2055 est.
624 1997 742 2056 Diutius
761 1997 820 2057 hoc
841 2005 871 2057 ct
892 1999 1033 2072 pluribus
1048 2010 1096 2058 ex·

116 2079 227 2154 emplis
240 2080 310 2139 licet
323 2079 485 2154 prosequi:
506 2079 633 2153 quidni?
655 2096 724 2140 cum
736 2080 813 2140 inter
824 2097 861 2140 ea
872 2082 911 2140 sit
922 2081 1096 2143 habendum

88 2163 314 2234 lbeneficium,
331 2177 409 2237 quae
423 2162 589 2222 secundam
603 2179 768 2237 personam
780 2165 967 2225 desiderant.
1003 2167 1097 2241 Quae·

116 2247 187 2304 darn
213 2259 282 2303 curn
307 2246 369 2305 sint
387 2245 531 2319 honesta,
560 2248 783 2320 pulcherrima,
808 2263 946 2309 summae
966 2251 1095 2321 virtutis,

117 2329 175 2388 nisi
191 2327 219 2387 in
237 2329 331 2388 altero
347 2346 406 2388 non
420 2329 533 2388 habent
543 2332 659 2389 locum:
682 2331 823 2393 laudatur
835 2341 864 2393 et
875 2333 954 2394 inter
965 2335 1097 2394 maxima

116 2413 239 2472 humani
259 2413 380 2486 generis
395 2413 477 2472 bona
491 2413 569 2474 fides
586 2415 703 2474 colitur.
729 2418 884 2492 numquis
900 2433 975 2493 ergo
991 2418 1098 2479 dicitur

117 2497 175 2556 sibi
191 2497 284 2556 fidem
299 2497 513 2572 praestitisset

87 2592 102 2644 1
176 2581 226 2640 XI.
261 2582 385 2642 Venio
420 2598 516 2641 nunc
549 2583 593 2641 ad
624 2583 795 2644 ultimam
828 2592 985 2660 partem.
1032 2585 1098 2659 Qui

115 2667 276 2741 gratiam
304 2668 439 2740 refert,
470 2668 619 2742 aliquid
645 2667 761 2727 debe-t
782 2669 1015 2744 inpendere,
1048 2668 1098 2728 si·

116 2757 178 2809 cut
200 2750 264 2824 qui
293 2752 415 2811 solvit
441 2751 657 2826 pecuniam.
691 2752 787 2815 nihil
809 2760 933 2813 autem
960 2753 1098 2828 inpen-

116 2833 184 2904 dit,
209 2833 272 2904 qui
293 2834 456 2906 gratiam
480 2835 555 2894 sibi
574 2836 711 2908 refert,
732 2853 792 2896 non
807 2837 905 2911 magis
919 2852 1011 2912 quam
1025 2852 1097 2896 con-

116 2916 268 2989 sequitur,
291 2915 342 2991 qui
356 2917 538 2978 beneficium
554 2936 572 2978 a
587 2934 620 2978 se
636 2921 764 2993 accepit.
787 2920 969 2981 beneficium
985 2929 1016 2982 et
1030 2937 1098 2995 gru-

115 2999 175 3058 tiae
188 3001 294 3059 relatio
309 3002 387 3060 ultro
400 3002 536 3075 citroque
549 3004 592 3062 ire
605 3003 725 3062 debent.
748 3003 826 3064 intra
837 3022 931 3064 unum
943 3006 1098 3067 hominem

116 3099 177 3142 non
198 3091 244 3142 est
268 3083 462 3144 vicissitudo:
486 3089 537 3161 qui
554 3086 679 3160 gratiam
694 3089 801 3161 refert,
824 3087 953 3148 invicem
969 3089 1101 3162 prodest

116 3168 159 3238 ei,
185 3183 203 3226 a
225 3184 285 3241 quo
302 3176 489 3228 consecutus
504 3177 551 3230 est
567 3170 696 3244 aliquid:
712 3171 774 3246 ·qui
790 3172 849 3231 sibi
863 3172 991 3247 gratiam
1006 3173 1101 3232 refert

116 3251 164 3309 cui
185 3251 334 3324 prodest?
360 3252 428 3311 sibi.
457 3260 486 3312 et
507 3255 575 3328 quis
600 3270 661 3314 non
678 3256 736 3315 alio
752 3257 820 3315 loco
836 3257 1016 3316 relationem
1030 3272 1098 3330 gra-

114 3334 190 3408 tiae,
222 3334 281 3406 alio
308 3335 488 3395 beneficium
514 3339 649 3413 cogitat?
685 3341 736 3414 qui
761 3339 888 3414 gratiam
912 3340 1006 3400 refert
1031 3340 1100 3415 sibi,

115 3417 191 3498 [sibi]
204 3419 345 3494 prodest:
369 3427 399 3480 et
412 3421 480 3496 quis
491 3438 636 3497 umquam
648 3424 785 3498 ingratus
795 3423 856 3484 hoc
866 3424 963 3484 noluit
974 3425 1100 3484 faceret
