2364 3840
163 183 226 246 228
462 184 494 241 L.
517 181 663 241 ΑΝΝΛΕΙ
683 178 859 241 SENECAE

134 336 399 412 ³Quibusdanl
436 332 666 394 fluminibus
705 332 764 390 vis
800 331 904 391 inest
933 331 1037 391 mira
1082 330 1137 392 alia

162 423 243 481 enim
263 426 348 491 sunt,
378 434 456 493 quae
484 426 576 492 pota
597 414 785 475 inliciunt
804 428 945 488 greges
969 414 1089 486 ovium,
1110 424 1138 475 et

162 506 240 564 intra
261 512 375 564 eertum
391 509 527 577 tempus,
551 514 632 574 quae
646 500 768 559 luerunt
782 498 900 572 nigrae,
924 497 1025 559 albam
1041 501 1138 559 lerunt

163 592 277 658 lanam,
313 601 391 661 quae
417 586 504 644 albae
527 590 688 655 venerant,
722 583 827 656 nigrae
852 582 975 643 abeunt.
1019 583 1086 643 Hoc
1110 583 1137 642 in

161 671 289 732 Boeotia
310 685 414 728 amnes
436 668 497 727 duo
519 667 667 738 efficiunt,
699 682 827 740 quorum
851 664 937 725 alteri
963 665 1004 725 ab
1030 665 1138 727 effectu

162 756 258 813 Melas
278 769 387 813 nornen
404 759 466 810 est:
489 751 610 824 utrique
624 765 663 809 ex
679 750 789 809 eodem
803 750 872 808 laeu
889 754 1006 809 exeunt
1019 748 1138 810 diversa

133 838 279 903 tlaeturi.
304 837 336 895 ln
350 834 532 893 Macedonia
544 848 676 907 quoque,
692 841 726 892 ut
736 831 1029 906 aitTheophraslus,
1044 834 1137 894 ananie

163 929 225 989 est,
247 920 286 978 ad
302 934 408 993 quem,
428 918 479 991 qui
494 917 596 975 lacere
607 931 683 976 oves
695 915 781 976 albas
794 914 958 988 voluerint,
973 916 1136 978 adducunt.

164 1018 253 1076 quern
275 1009 308 1061 ut
328 1001 441 1061 diutius
463 1008 623 1075 potavere,
645 1016 706 1059 non
722 1000 808 1058 aliter
823 1015 915 1073 quam
930 1000 1063 1061 inieelae
1077 1017 1135 1061 mu-

163 1093 272 1145 tantur.
308 1088 348 1144 Αι
363 1085 389 1143 sl
403 1084 462 1143 illis
480 1100 559 1157 opus
575 1084 629 1143 luit
643 1084 713 1142 lana
729 1085 826 1157 pulla,
850 1088 977 1156 paratus
991 1086 1135 1157 gratuitus

162 1169 291 1230 infector
306 1178 367 1228 est:
389 1168 429 1227 ad
443 1168 576 1227 Peneion
591 1167 731 1228 eumdem
746 1181 871 1240 gregem
884 1165 1053 1241 adpellant.
1077 1170 1134 1227 Au-

163 1260 265 1313 otores
287 1268 386 1311 novos
407 1250 506 1310 habeo
529 1266 601 1311 esse
620 1250 651 1307 in
670 1250 786 1309 Galatia
805 1249 936 1323 flumen,
960 1252 1047 1326 quod
1062 1250 1135 1311 iden

163 1335 193 1395 in
217 1337 327 1396 ovibus
349 1334 470 1394 efficiat.
504 1341 551 1393 est
565 1341 595 1393 at
608 1335 638 1392 in
653 1333 863 1407 Cappadocia,
885 1349 946 1408 quo
963 1341 1039 1409 polo
1054 1335 1135 1411 equis

163 1436 219 1478 nee
235 1427 393 1493 praeterea
408 1418 459 1476 ulli
478 1417 598 1475 animali
614 1418 700 1477 color
712 1422 843 1476 mutetur
857 1423 887 1476 et
901 1418 1059 1492 spargitur
1073 1418 1135 1477 albo

134 1504 251 1569 acutis.
295 1501 486 1574 Quosdam
516 1501 624 1559 laeua
653 1515 757 1573 esse,
787 1501 850 1575 qui
883 1501 1001 1560 nandi
1034 1503 1134 1577 inpe-

164 1587 261 1646 ritos
291 1586 432 1654 lerant,
462 1590 565 1642 notum
584 1593 644 1643 est:
673 1584 779 1642 eratin
796 1583 914 1656 Sicilia,
935 1592 1028 1645 estet
1042 1585 1135 1646 adhue

163 1670 193 1726 in
209 1668 299 1745 Syria
315 1676 470 1741 stagnum,
493 1667 521 1724 in
538 1683 599 1741 quo
615 1674 719 1727 natant
732 1668 843 1727 lateres
855 1673 886 1726 et
896 1668 994 1742 mergi
1005 1669 1136 1743 proiecta

163 1767 226 1810 non
241 1758 388 1826 possunt,
411 1751 481 1811 licet
494 1751 636 1825 grauiora
650 1750 718 1810 sint.
757 1750 856 1810 Huius
869 1751 914 1809 rei
928 1752 1032 1825 palam
1048 1766 1135 1812 eausa

163 1843 225 1894 est:
250 1850 474 1909 quamcumque
491 1835 536 1893 vis
552 1850 616 1894 reni
631 1833 773 1908 expende
789 1840 819 1893 et
832 1840 940 1895 sonna
954 1850 1068 1909 aquam
1083 1843 1135 1895 sla·

162 1928 227 1992 tae,
249 1920 413 1981 dunnnodo
430 1918 589 1993 utriusque
611 1933 666 1992 par
682 1917 720 1976 sit
734 1918 859 1976 modus:
880 1919 908 1977 si
923 1933 1006 1991 aqua
1019 1918 1136 1993 gravior

164 2011 225 2076 est,
253 2004 398 2062 leviorem
419 2018 497 2072 rem,
522 2019 612 2076 quarn
632 2002 700 2076 ipsa
721 2008 781 2071 est,
807 1999 929 2061 leretet
943 2008 1030 2063 tanto
1049 2016 1136 2077 supra

165 2102 199 2143 se
220 2085 356 2157 extollet,
381 2092 494 2158 quanto
516 2086 572 2143 erit
586 2083 697 2145 levior:
720 2084 862 2158 graviora
875 2084 1081 2146 descendunt
1110 2091 1137 2143 at

165 2167 191 2225 si
208 2182 306 2240 aquae
321 2175 351 2225 et
366 2168 432 2225 eius
447 2167 506 2237 rei,
531 2182 621 2240 quam
637 2176 743 2226 contra
759 2167 920 2241 pensabis,
943 2184 1003 2242 par
1018 2169 1135 2243 pondus

164 2249 234 2317 erit,
271 2262 327 2305 nee
353 2263 478 2322 pessum
503 2248 556 2307 ibit
580 2264 636 2308 neo
661 2249 808 2324 exstabit,
835 2250 893 2311 sed
917 2252 1137 2326 exaequabitur

130 2386 133 2392 .
164 2345 263 2403 aquae
278 2336 307 2389 el
323 2331 437 2391 natabit
455 2331 594 2405 quidem,
617 2334 672 2393 sed
688 2349 787 2407 paene
801 2348 904 2394 mersa
918 2349 956 2394 ae
970 2337 1056 2397 nulla
1070 2334 1135 2397 emi·

135 2423 240 2478 anans
262 2422 357 2491 parte.
395 2416 461 2476 Hoe
481 2424 541 2487 est,
565 2432 619 2476 eur
640 2419 790 2491 quaedam
811 2419 894 2493 tigna
913 2433 1012 2493 supra
1032 2434 1136 2495 aquam

164 2514 263 2571 paene
277 2507 341 2560 tota
357 2499 530 2571 efferantur,
547 2502 696 2574 quaedam
708 2501 748 2560 ad
760 2501 893 2561 medium
904 2502 1063 2563 submissa
1072 2504 1135 2575 sint,

165 2585 315 2655 quaedam
339 2585 378 2643 ad
404 2582 614 2659 aequilibrium
644 2600 743 2659 aquae
768 2585 968 2645 descendant.
1009 2601 1136 2661 namque

165 2681 233 2724 curn
255 2667 417 2742 utriusque
437 2668 560 2743 pondus
583 2683 637 2741 par
658 2675 717 2741 est,
740 2674 847 2728 neutra
864 2683 917 2727 res
937 2669 1025 2731 alteri
1046 2670 1135 2730 eetlit=

164 2751 304 2821 graviora
325 2751 531 2825 descendunt,
552 2753 666 2810 leviora
681 2759 847 2827 gestantur.
880 2767 975 2825 grave
995 2762 1096 2815 autem
1109 2759 1137 2811 et

165 2832 232 2891 leve
248 2842 370 2893 estnon
386 2835 597 2895 aestimatione
611 2844 730 2910 nostra,
753 2835 809 2895 sed
826 2837 1049 2910 conparatione
1062 2837 1135 2908 eius,

136 2921 152 2975 7
165 2931 226 2989 quo
242 2916 312 2975 vehi
327 2918 425 2976 debet.
460 2919 566 2993 ltaque
581 2917 632 2978 ubi
644 2935 724 2993 aqua
735 2920 858 2992 gravior
868 2925 917 2979 est
927 2919 1061 2981 hominis
1073 2935 1135 2980 eor·

165 3014 241 3072 pore
256 3007 307 3059 aut
321 3002 403 3071 sexi,
427 3019 486 3061 non
503 3003 573 3061 sinit
587 3002 633 3073 id,
651 3019 711 3076 quo
727 3017 787 3061 non
803 3002 948 3077 vincitur,
963 3004 1073 3079 margia
1094 3003 1135 3063 sie

164 3083 278 3154 evenit,
302 3092 333 3143 ut
355 3084 383 3141 in
406 3086 586 3156 quibusdam
608 3087 724 3160 stagnis
741 3102 780 3146 ne
794 3086 913 3161 lapides
929 3085 1055 3161 quidem
1071 3102 1134 3162 pes-

164 3182 233 3225 sum
249 3173 327 3225 eant.
356 3166 395 3225 de
409 3166 516 3227 solidis
533 3169 656 3243 quidem
672 3185 708 3229 ae
724 3170 808 3230 duris
824 3171 945 3243 loquor.
973 3178 1047 3231 sunl
1060 3170 1134 3231 enim

165 3249 249 3308 multi
265 3248 416 3324 pumicosi
431 3257 461 3309 et
475 3252 574 3322 leves,
598 3252 762 3327 exquibus
778 3268 857 3329 quae
872 3260 1017 3316 constant
1033 3255 1132 3314 insu·

134 3333 225 3392 illae
242 3333 274 3392 in
288 3334 400 3409 Lydia,
421 3341 563 3394 natant.
605 3335 834 3411 Theophrastus
851 3344 899 3397 est
913 3344 1032 3399 auctor.
1069 3337 1133 3413 lpse

164 3415 204 3475 ad
226 3412 348 3476 Cutilias
370 3425 521 3477 natantem
545 3419 676 3478 insulam
696 3420 768 3479 vidi.
796 3420 900 3480 atalia
916 3421 949 3480 in
961 3419 1132 3483 vadimonis
