<?xml version="1.0" encoding="UTF-8"?>
<!DOCTYPE html PUBLIC "-//W3C//DTD XHTML 1.0 Transitional//EN"
    "http://www.w3.org/TR/xhtml1/DTD/xhtml1-transitional.dtd">
<html xmlns="http://www.w3.org/1999/xhtml" xml:lang="en" lang="en">
 <head>
  <title>
</title>
<meta http-equiv="Content-Type" content="text/html;charset=utf-8" />
  <meta name='ocr-system' content='tesseract 3.04.00' />
  <meta name='ocr-capabilities' content='ocr_page ocr_carea ocr_par ocr_line ocrx_word'/>
</head>
<body>
  <div class='ocr_page' id='page_1' title='image "./lannaeisenecaeo01senegoog_0053.png"; bbox 0 0 2364 3840; ppageno 0'>
   <div class='ocr_carea' id='block_1_1' title="bbox 150 201 839 265">
    <p class='ocr_par' dir='ltr' id='par_1_1' title="bbox 150 201 839 265">
     <span class='ocr_line' id='line_1_1' title="bbox 150 201 839 265; baseline -0.007 0"><span class='ocrx_word' id='word_1_1' title='bbox 150 201 193 265; x_wconf 77' lang='lat'>40</span> <span class='ocrx_word' id='word_1_2' title='bbox 444 203 477 262; x_wconf 93' lang='lat' dir='ltr'>L.</span> <span class='ocrx_word' id='word_1_3' title='bbox 498 201 644 261; x_wconf 73' lang='lat' dir='ltr'>An&#39;n&#39;hhl</span> <span class='ocrx_word' id='word_1_4' title='bbox 665 201 839 262; x_wconf 81' lang='lat' dir='ltr'>SENECAE</span> 
     </span>
    </p>
   </div>
   <div class='ocr_carea' id='block_1_2' title="bbox 122 351 1132 3348">
    <p class='ocr_par' dir='ltr' id='par_1_2' title="bbox 122 351 1132 3348">
     <span class='ocr_line' id='line_1_2' title="bbox 153 351 1125 430; baseline -0.001 -13"><span class='ocrx_word' id='word_1_5' title='bbox 153 356 202 417; x_wconf 87' lang='lat' dir='ltr'>cii</span> <span class='ocrx_word' id='word_1_6' title='bbox 226 355 357 430; x_wconf 90' lang='lat' dir='ltr'>periit,</span> <span class='ocrx_word' id='word_1_7' title='bbox 380 354 408 414; x_wconf 92' lang='lat' dir='ltr'>si</span> <span class='ocrx_word' id='word_1_8' title='bbox 429 352 508 413; x_wconf 88' lang='lat' dir='ltr'>actio</span> <span class='ocrx_word' id='word_1_9' title='bbox 526 353 605 412; x_wconf 90' lang='lat' dir='ltr'>sicut</span> <span class='ocrx_word' id='word_1_10' title='bbox 619 353 752 414; x_wconf 80' lang='lat' dir='ltr'><em>creditae</em></span> <span class='ocrx_word' id='word_1_11' title='bbox 767 351 915 426; x_wconf 87' lang='lat' dir='ltr'>pecuniae</span> <span class='ocrx_word' id='word_1_12' title='bbox 930 360 987 414; x_wconf 88' lang='lat' dir='ltr'>aut</span> <span class='ocrx_word' id='word_1_13' title='bbox 1001 370 1044 415; x_wconf 88' lang='lat' dir='ltr'>ex</span> <span class='ocrx_word' id='word_1_14' title='bbox 1059 371 1125 419; x_wconf 89' lang='lat' dir='ltr'>con·</span> 
     </span>
     <span class='ocr_line' id='line_1_3' title="bbox 153 434 1127 511; baseline 0 -11"><span class='ocrx_word' id='word_1_15' title='bbox 153 441 243 500; x_wconf 90' lang='lat' dir='ltr'>ducto</span> <span class='ocrx_word' id='word_1_16' title='bbox 266 445 296 498; x_wconf 92' lang='lat' dir='ltr'>et</span> <span class='ocrx_word' id='word_1_17' title='bbox 316 441 414 498; x_wconf 81' lang='lat' dir='ltr'>locato</span> <span class='ocrx_word' id='word_1_18' title='bbox 438 438 534 496; x_wconf 89' lang='lat' dir='ltr'>datur.</span> <span class='ocrx_word' id='word_1_19' title='bbox 566 434 626 495; x_wconf 92' lang='lat' dir='ltr'>hoc</span> <span class='ocrx_word' id='word_1_20' title='bbox 647 437 727 495; x_wconf 89' lang='lat' dir='ltr'>enim</span> <span class='ocrx_word' id='word_1_21' title='bbox 748 437 778 495; x_wconf 92' lang='lat' dir='ltr'>in</span> <span class='ocrx_word' id='word_1_22' title='bbox 793 437 843 496; x_wconf 93' lang='lat' dir='ltr'>illo</span> <span class='ocrx_word' id='word_1_23' title='bbox 859 437 1127 511; x_wconf 84' lang='lat' dir='ltr'>speciosissimum</span> 
     </span>
     <span class='ocr_line' id='line_1_4' title="bbox 152 518 1127 598; baseline 0.002 -15"><span class='ocrx_word' id='word_1_24' title='bbox 152 532 213 597; x_wconf 88' lang='lat' dir='ltr'>est,</span> <span class='ocrx_word' id='word_1_25' title='bbox 231 523 314 598; x_wconf 88' lang='lat' dir='ltr'>qnod</span> <span class='ocrx_word' id='word_1_26' title='bbox 329 522 468 580; x_wconf 86' lang='lat' dir='ltr'>dedimus</span> <span class='ocrx_word' id='word_1_27' title='bbox 486 520 531 579; x_wconf 87' lang='lat' dir='ltr'>vel</span> <span class='ocrx_word' id='word_1_28' title='bbox 547 518 708 593; x_wconf 90' lang='lat' dir='ltr'>perdituri,</span> <span class='ocrx_word' id='word_1_29' title='bbox 726 521 809 594; x_wconf 85' lang='lat' dir='ltr'>quod</span> <span class='ocrx_word' id='word_1_30' title='bbox 823 526 917 580; x_wconf 89' lang='lat' dir='ltr'>totum</span> <span class='ocrx_word' id='word_1_31' title='bbox 930 523 1127 595; x_wconf 79' lang='lat' dir='ltr'><strong>permisimus</strong></span> 
     </span>
     <span class='ocr_line' id='line_1_5' title="bbox 152 603 1127 682; baseline 0 -15"><span class='ocrx_word' id='word_1_32' title='bbox 152 607 364 682; x_wconf 83' lang='lat' dir='ltr'>accipientium</span> <span class='ocrx_word' id='word_1_33' title='bbox 387 604 525 662; x_wconf 83' lang='lat' dir='ltr'>arbitrio:</span> <span class='ocrx_word' id='word_1_34' title='bbox 555 603 581 661; x_wconf 90' lang='lat' dir='ltr'>si</span> <span class='ocrx_word' id='word_1_35' title='bbox 602 603 739 677; x_wconf 84' lang='lat' dir='ltr'>adpelle,</span> <span class='ocrx_word' id='word_1_36' title='bbox 768 603 793 662; x_wconf 89' lang='lat' dir='ltr'>si</span> <span class='ocrx_word' id='word_1_37' title='bbox 815 603 856 662; x_wconf 90' lang='lat' dir='ltr'>ad</span> <span class='ocrx_word' id='word_1_38' title='bbox 879 604 1018 665; x_wconf 86' lang='lat' dir='ltr'>iudicem</span> <span class='ocrx_word' id='word_1_39' title='bbox 1042 623 1127 681; x_wconf 84' lang='lat' dir='ltr'>voce,</span> 
     </span>
     <span class='ocr_line' id='line_1_6' title="bbox 122 686 1128 765; baseline -0.002 -12"><span class='ocrx_word' id='word_1_40' title='bbox 122 701 140 753; x_wconf 74' lang='lat' dir='ltr'>a</span> <span class='ocrx_word' id='word_1_41' title='bbox 153 692 258 765; x_wconf 87' lang='lat' dir='ltr'>incipit</span> <span class='ocrx_word' id='word_1_42' title='bbox 276 705 336 748; x_wconf 90' lang='lat' dir='ltr'>non</span> <span class='ocrx_word' id='word_1_43' title='bbox 352 687 534 746; x_wconf 86' lang='lat' dir='ltr'>beneficium</span> <span class='ocrx_word' id='word_1_44' title='bbox 549 701 634 756; x_wconf 90' lang='lat' dir='ltr'>esse,</span> <span class='ocrx_word' id='word_1_45' title='bbox 656 686 714 745; x_wconf 92' lang='lat' dir='ltr'>sed</span> <span class='ocrx_word' id='word_1_46' title='bbox 729 686 885 747; x_wconf 88' lang='lat' dir='ltr'>creditum.</span> <span class='ocrx_word' id='word_1_47' title='bbox 920 686 1049 749; x_wconf 82' lang='lat' dir='ltr'>Deinde</span> <span class='ocrx_word' id='word_1_48' title='bbox 1063 707 1128 751; x_wconf 87' lang='lat' dir='ltr'>cum</span> 
     </span>
     <span class='ocr_line' id='line_1_7' title="bbox 152 768 1128 847; baseline 0.001 -14"><span class='ocrx_word' id='word_1_49' title='bbox 152 791 202 834; x_wconf 90' lang='lat' dir='ltr'>res</span> <span class='ocrx_word' id='word_1_50' title='bbox 217 771 435 832; x_wconf 88' lang='lat' dir='ltr'>honestissima</span> <span class='ocrx_word' id='word_1_51' title='bbox 448 771 486 829; x_wconf 90' lang='lat' dir='ltr'>sit</span> <span class='ocrx_word' id='word_1_52' title='bbox 496 771 611 829; x_wconf 84' lang='lat' dir='ltr'>reterre</span> <span class='ocrx_word' id='word_1_53' title='bbox 622 768 763 844; x_wconf 80' lang='lat' dir='ltr'>gratiam,</span> <span class='ocrx_word' id='word_1_54' title='bbox 780 771 892 830; x_wconf 89' lang='lat' dir='ltr'>desinit</span> <span class='ocrx_word' id='word_1_55' title='bbox 901 786 976 831; x_wconf 90' lang='lat' dir='ltr'>esse</span> <span class='ocrx_word' id='word_1_56' title='bbox 987 772 1128 847; x_wconf 82' lang='lat' dir='ltr'>honeste,</span> 
     </span>
     <span class='ocr_line' id='line_1_8' title="bbox 152 852 1126 932; baseline 0 -16"><span class='ocrx_word' id='word_1_57' title='bbox 152 859 179 917; x_wconf 92' lang='lat' dir='ltr'>si</span> <span class='ocrx_word' id='word_1_58' title='bbox 195 854 369 914; x_wconf 83' lang='lat' dir='ltr'>necessaria</span> <span class='ocrx_word' id='word_1_59' title='bbox 383 862 438 914; x_wconf 91' lang='lat' dir='ltr'>est.</span> <span class='ocrx_word' id='word_1_60' title='bbox 460 869 519 913; x_wconf 92' lang='lat' dir='ltr'>non</span> <span class='ocrx_word' id='word_1_61' title='bbox 535 854 613 912; x_wconf 87' lang='lat' dir='ltr'>enirn</span> <span class='ocrx_word' id='word_1_62' title='bbox 625 853 721 926; x_wconf 82' lang='lat' dir='ltr'>magis</span> <span class='ocrx_word' id='word_1_63' title='bbox 734 852 868 912; x_wconf 79' lang='lat' dir='ltr'>laudabit</span> <span class='ocrx_word' id='word_1_64' title='bbox 880 854 1050 929; x_wconf 88' lang='lat' dir='ltr'>quisquam</span> <span class='ocrx_word' id='word_1_65' title='bbox 1061 873 1126 932; x_wconf 83' lang='lat' dir='ltr'>gra-</span> 
     </span>
     <span class='ocr_line' id='line_1_9' title="bbox 151 937 1126 1015; baseline 0.003 -15"><span class='ocrx_word' id='word_1_66' title='bbox 151 947 213 1000; x_wconf 90' lang='lat' dir='ltr'>tum</span> <span class='ocrx_word' id='word_1_67' title='bbox 224 937 376 998; x_wconf 89' lang='lat' dir='ltr'>hominem</span> <span class='ocrx_word' id='word_1_68' title='bbox 389 954 479 1011; x_wconf 89' lang='lat' dir='ltr'>quam</span> <span class='ocrx_word' id='word_1_69' title='bbox 492 953 569 1010; x_wconf 90' lang='lat' dir='ltr'>eum,</span> <span class='ocrx_word' id='word_1_70' title='bbox 583 938 633 1012; x_wconf 86' lang='lat' dir='ltr'>qui</span> <span class='ocrx_word' id='word_1_71' title='bbox 647 937 820 1010; x_wconf 89' lang='lat' dir='ltr'>depositum</span> <span class='ocrx_word' id='word_1_72' title='bbox 832 937 965 997; x_wconf 85' lang='lat' dir='ltr'>reddidit</span> <span class='ocrx_word' id='word_1_73' title='bbox 975 948 1033 999; x_wconf 87' lang='lat' dir='ltr'>aut</span> <span class='ocrx_word' id='word_1_74' title='bbox 1044 942 1126 1015; x_wconf 86' lang='lat' dir='ltr'>qued</span> 
     </span>
     <span class='ocr_line' id='line_1_10' title="bbox 122 1020 1127 1094; baseline -0.002 -8"><span class='ocrx_word' id='word_1_75' title='bbox 122 1022 283 1086; x_wconf 68' lang='lat' dir='ltr'>idebehat</span> <span class='ocrx_word' id='word_1_76' title='bbox 296 1021 370 1081; x_wconf 91' lang='lat' dir='ltr'>citra</span> <span class='ocrx_word' id='word_1_77' title='bbox 386 1022 516 1080; x_wconf 91' lang='lat' dir='ltr'>iudicem</span> <span class='ocrx_word' id='word_1_78' title='bbox 529 1021 628 1080; x_wconf 88' lang='lat' dir='ltr'>solvit.</span> <span class='ocrx_word' id='word_1_79' title='bbox 657 1021 700 1078; x_wconf 87' lang='lat' dir='ltr'>lta</span> <span class='ocrx_word' id='word_1_80' title='bbox 715 1021 792 1079; x_wconf 87' lang='lat' dir='ltr'>duas</span> <span class='ocrx_word' id='word_1_81' title='bbox 807 1035 872 1091; x_wconf 89' lang='lat' dir='ltr'>res,</span> <span class='ocrx_word' id='word_1_82' title='bbox 889 1020 1006 1094; x_wconf 88' lang='lat' dir='ltr'>quibus</span> <span class='ocrx_word' id='word_1_83' title='bbox 1022 1025 1053 1082; x_wconf 91' lang='lat' dir='ltr'>in</span> <span class='ocrx_word' id='word_1_84' title='bbox 1068 1023 1127 1084; x_wconf 86' lang='lat' dir='ltr'>vita</span> 
     </span>
     <span class='ocr_line' id='line_1_11' title="bbox 152 1103 1126 1191; baseline 0.004 -27"><span class='ocrx_word' id='word_1_85' title='bbox 152 1107 282 1166; x_wconf 84' lang='lat' dir='ltr'>humana</span> <span class='ocrx_word' id='word_1_86' title='bbox 297 1106 369 1165; x_wconf 87' lang='lat' dir='ltr'>nihil</span> <span class='ocrx_word' id='word_1_87' title='bbox 384 1105 540 1178; x_wconf 81' lang='lat' dir='ltr'>pulchrius</span> <span class='ocrx_word' id='word_1_88' title='bbox 555 1113 614 1175; x_wconf 91' lang='lat' dir='ltr'>est,</span> <span class='ocrx_word' id='word_1_89' title='bbox 633 1103 870 1191; x_wconf 72' lang='lat' dir='ltr'>corrumpimus,</span> <span class='ocrx_word' id='word_1_90' title='bbox 892 1111 1015 1177; x_wconf 81' lang='lat' dir='ltr'>gratum</span> <span class='ocrx_word' id='word_1_91' title='bbox 1031 1107 1126 1168; x_wconf 89' lang='lat' dir='ltr'>homi·</span> 
     </span>
     <span class='ocr_line' id='line_1_12' title="bbox 151 1185 1125 1264; baseline 0.003 -16"><span class='ocrx_word' id='word_1_92' title='bbox 151 1205 220 1248; x_wconf 92' lang='lat' dir='ltr'>nem</span> <span class='ocrx_word' id='word_1_93' title='bbox 235 1196 266 1249; x_wconf 93' lang='lat' dir='ltr'>et</span> <span class='ocrx_word' id='word_1_94' title='bbox 281 1188 460 1249; x_wconf 88' lang='lat' dir='ltr'>beneficum.</span> <span class='ocrx_word' id='word_1_95' title='bbox 489 1188 563 1263; x_wconf 92' lang='lat' dir='ltr'>quid</span> <span class='ocrx_word' id='word_1_96' title='bbox 577 1188 657 1247; x_wconf 89' lang='lat' dir='ltr'>enim</span> <span class='ocrx_word' id='word_1_97' title='bbox 672 1193 722 1246; x_wconf 90' lang='lat' dir='ltr'>ant</span> <span class='ocrx_word' id='word_1_98' title='bbox 737 1186 766 1244; x_wconf 91' lang='lat' dir='ltr'>in</span> <span class='ocrx_word' id='word_1_99' title='bbox 782 1187 841 1247; x_wconf 87' lang='lat' dir='ltr'>hoc</span> <span class='ocrx_word' id='word_1_100' title='bbox 857 1185 1057 1260; x_wconf 81' lang='lat' dir='ltr'>magnifieum</span> <span class='ocrx_word' id='word_1_101' title='bbox 1073 1200 1125 1264; x_wconf 85' lang='lat' dir='ltr'>est,</span> 
     </span>
     <span class='ocr_line' id='line_1_13' title="bbox 152 1269 1126 1351; baseline 0 -17"><span class='ocrx_word' id='word_1_102' title='bbox 152 1275 178 1334; x_wconf 92' lang='lat' dir='ltr'>si</span> <span class='ocrx_word' id='word_1_103' title='bbox 201 1274 382 1334; x_wconf 87' lang='lat' dir='ltr'>heneficium</span> <span class='ocrx_word' id='word_1_104' title='bbox 404 1286 465 1331; x_wconf 92' lang='lat' dir='ltr'>non</span> <span class='ocrx_word' id='word_1_105' title='bbox 487 1273 552 1343; x_wconf 90' lang='lat' dir='ltr'>dat,</span> <span class='ocrx_word' id='word_1_106' title='bbox 574 1272 629 1330; x_wconf 90' lang='lat' dir='ltr'>sed</span> <span class='ocrx_word' id='word_1_107' title='bbox 646 1271 839 1331; x_wconf 75' lang='lat' dir='ltr'>commodat?</span> <span class='ocrx_word' id='word_1_108' title='bbox 864 1269 961 1330; x_wconf 89' lang='lat' dir='ltr'>autin</span> <span class='ocrx_word' id='word_1_109' title='bbox 976 1271 1052 1347; x_wconf 89' lang='lat' dir='ltr'>illo,</span> <span class='ocrx_word' id='word_1_110' title='bbox 1078 1274 1126 1351; x_wconf 89' lang='lat' dir='ltr'>qui</span> 
     </span>
     <span class='ocr_line' id='line_1_14' title="bbox 151 1355 1127 1432; baseline 0.001 -16"><span class='ocrx_word' id='word_1_111' title='bbox 151 1357 265 1432; x_wconf 79' lang='lat' dir='ltr'>reddit,</span> <span class='ocrx_word' id='word_1_112' title='bbox 294 1374 354 1418; x_wconf 89' lang='lat' dir='ltr'>non</span> <span class='ocrx_word' id='word_1_113' title='bbox 377 1357 448 1431; x_wconf 91' lang='lat' dir='ltr'>quia</span> <span class='ocrx_word' id='word_1_114' title='bbox 469 1356 546 1427; x_wconf 89' lang='lat' dir='ltr'>vult,</span> <span class='ocrx_word' id='word_1_115' title='bbox 575 1355 630 1414; x_wconf 92' lang='lat' dir='ltr'>sed</span> <span class='ocrx_word' id='word_1_116' title='bbox 653 1355 724 1429; x_wconf 87' lang='lat' dir='ltr'>quia</span> <span class='ocrx_word' id='word_1_117' title='bbox 745 1369 875 1414; x_wconf 92' lang='lat' dir='ltr'>necesse</span> <span class='ocrx_word' id='word_1_118' title='bbox 890 1361 959 1414; x_wconf 85' lang='lat' dir='ltr'>estt</span> <span class='ocrx_word' id='word_1_119' title='bbox 994 1356 1068 1417; x_wconf 87' lang='lat' dir='ltr'>Nun</span> <span class='ocrx_word' id='word_1_120' title='bbox 1083 1364 1127 1417; x_wconf 90' lang='lat' dir='ltr'>est</span> 
     </span>
     <span class='ocr_line' id='line_1_15' title="bbox 151 1437 1126 1516; baseline -0.001 -16"><span class='ocrx_word' id='word_1_121' title='bbox 151 1442 286 1516; x_wconf 80' lang='lat' dir='ltr'>gloriosa</span> <span class='ocrx_word' id='word_1_122' title='bbox 305 1457 356 1499; x_wconf 91' lang='lat' dir='ltr'>res</span> <span class='ocrx_word' id='word_1_123' title='bbox 371 1447 488 1513; x_wconf 88' lang='lat' dir='ltr'>gratum</span> <span class='ocrx_word' id='word_1_124' title='bbox 503 1453 589 1510; x_wconf 91' lang='lat' dir='ltr'>esse,</span> <span class='ocrx_word' id='word_1_125' title='bbox 611 1437 669 1497; x_wconf 88' lang='lat' dir='ltr'>nisi</span> <span class='ocrx_word' id='word_1_126' title='bbox 683 1444 777 1497; x_wconf 88' lang='lat' dir='ltr'>tulum</span> <span class='ocrx_word' id='word_1_127' title='bbox 792 1444 840 1497; x_wconf 90' lang='lat' dir='ltr'>est</span> <span class='ocrx_word' id='word_1_128' title='bbox 851 1438 1004 1511; x_wconf 81' lang='lat' dir='ltr'>ingratum</span> <span class='ocrx_word' id='word_1_129' title='bbox 1019 1442 1126 1502; x_wconf 89' lang='lat' dir='ltr'>luisse.</span> 
     </span>
     <span class='ocr_line' id='line_1_16' title="bbox 123 1521 1127 1595; baseline 0.005 -15"><span class='ocrx_word' id='word_1_130' title='bbox 123 1526 272 1583; x_wconf 80' lang='lat' dir='ltr'>4Adice</span> <span class='ocrx_word' id='word_1_131' title='bbox 292 1538 391 1582; x_wconf 92' lang='lat' dir='ltr'>nunc</span> <span class='ocrx_word' id='word_1_132' title='bbox 415 1522 516 1595; x_wconf 89' lang='lat' dir='ltr'>quod</span> <span class='ocrx_word' id='word_1_133' title='bbox 537 1522 625 1580; x_wconf 88' lang='lat' dir='ltr'>huic</span> <span class='ocrx_word' id='word_1_134' title='bbox 645 1523 706 1580; x_wconf 91' lang='lat' dir='ltr'>uni</span> <span class='ocrx_word' id='word_1_135' title='bbox 724 1522 800 1595; x_wconf 78' lang='lat' dir='ltr'>legi</span> <span class='ocrx_word' id='word_1_136' title='bbox 816 1521 943 1582; x_wconf 89' lang='lat' dir='ltr'>omnia</span> <span class='ocrx_word' id='word_1_137' title='bbox 958 1523 1049 1584; x_wconf 89' lang='lat' dir='ltr'>lora</span> <span class='ocrx_word' id='word_1_138' title='bbox 1067 1526 1127 1585; x_wconf 86' lang='lat' dir='ltr'>vix</span> 
     </span>
     <span class='ocr_line' id='line_1_17' title="bbox 152 1605 1127 1682; baseline -0.001 -14"><span class='ocrx_word' id='word_1_139' title='bbox 152 1607 367 1668; x_wconf 78' lang='lat' dir='ltr'>sufficient.</span> <span class='ocrx_word' id='word_1_140' title='bbox 397 1605 464 1680; x_wconf 89' lang='lat' dir='ltr'>quis</span> <span class='ocrx_word' id='word_1_141' title='bbox 481 1605 535 1663; x_wconf 89' lang='lat' dir='ltr'>erit</span> <span class='ocrx_word' id='word_1_142' title='bbox 551 1605 602 1678; x_wconf 89' lang='lat' dir='ltr'>qui</span> <span class='ocrx_word' id='word_1_143' title='bbox 617 1620 677 1663; x_wconf 92' lang='lat' dir='ltr'>non</span> <span class='ocrx_word' id='word_1_144' title='bbox 694 1611 785 1679; x_wconf 77' lang='lat' dir='ltr'>agate</span> <span class='ocrx_word' id='word_1_145' title='bbox 813 1605 967 1680; x_wconf 87' lang='lat' dir='ltr'>quiscum</span> <span class='ocrx_word' id='word_1_146' title='bbox 985 1625 1050 1682; x_wconf 90' lang='lat' dir='ltr'>quo</span> <span class='ocrx_word' id='word_1_147' title='bbox 1068 1625 1127 1669; x_wconf 87' lang='lat' dir='ltr'>non</span> 
     </span>
     <span class='ocr_line' id='line_1_18' title="bbox 153 1687 1128 1768; baseline 0.004 -19"><span class='ocrx_word' id='word_1_148' title='bbox 153 1694 278 1763; x_wconf 71' lang='lat' dir='ltr'>agatur?</span> <span class='ocrx_word' id='word_1_149' title='bbox 300 1704 405 1748; x_wconf 89' lang='lat' dir='ltr'>omnes</span> <span class='ocrx_word' id='word_1_150' title='bbox 421 1704 478 1748; x_wconf 90' lang='lat' dir='ltr'>sua</span> <span class='ocrx_word' id='word_1_151' title='bbox 493 1690 653 1762; x_wconf 85' lang='lat' dir='ltr'>extollunt,</span> <span class='ocrx_word' id='word_1_152' title='bbox 670 1705 776 1748; x_wconf 90' lang='lat' dir='ltr'>amnes</span> <span class='ocrx_word' id='word_1_153' title='bbox 793 1688 882 1748; x_wconf 87' lang='lat' dir='ltr'>etiam</span> <span class='ocrx_word' id='word_1_154' title='bbox 893 1687 1028 1763; x_wconf 87' lang='lat' dir='ltr'>minima,</span> <span class='ocrx_word' id='word_1_155' title='bbox 1049 1707 1128 1768; x_wconf 88' lang='lat' dir='ltr'>quae</span> 
     </span>
     <span class='ocr_line' id='line_1_19' title="bbox 124 1772 1126 1847; baseline 0.006 -17"><span class='ocrx_word' id='word_1_156' title='bbox 124 1774 182 1832; x_wconf 77' lang='lat' dir='ltr'>tin</span> <span class='ocrx_word' id='word_1_157' title='bbox 198 1772 274 1831; x_wconf 87' lang='lat' dir='ltr'>alios</span> <span class='ocrx_word' id='word_1_158' title='bbox 290 1775 454 1846; x_wconf 79' lang='lat' dir='ltr'>contulere,</span> <span class='ocrx_word' id='word_1_159' title='bbox 467 1773 600 1833; x_wconf 85' lang='lat' dir='ltr'>dilatant.</span> <span class='ocrx_word' id='word_1_160' title='bbox 622 1773 782 1833; x_wconf 87' lang='lat' dir='ltr'>Praeterea</span> <span class='ocrx_word' id='word_1_161' title='bbox 796 1787 1012 1847; x_wconf 87' lang='lat' dir='ltr'>quaecumque</span> <span class='ocrx_word' id='word_1_162' title='bbox 1026 1775 1061 1834; x_wconf 93' lang='lat' dir='ltr'>in</span> <span class='ocrx_word' id='word_1_163' title='bbox 1078 1792 1126 1836; x_wconf 80' lang='lat' dir='ltr'>ce</span> 
     </span>
     <span class='ocr_line' id='line_1_20' title="bbox 151 1855 1129 1933; baseline 0.006 -19"><span class='ocrx_word' id='word_1_164' title='bbox 151 1855 316 1929; x_wconf 80' lang='lat' dir='ltr'>gnitionem</span> <span class='ocrx_word' id='word_1_165' title='bbox 325 1857 444 1931; x_wconf 87' lang='lat' dir='ltr'>eadunt,</span> <span class='ocrx_word' id='word_1_166' title='bbox 458 1858 627 1932; x_wconf 80' lang='lat' dir='ltr'>conprendi</span> <span class='ocrx_word' id='word_1_167' title='bbox 639 1864 805 1933; x_wconf 88' lang='lat' dir='ltr'>possuntet</span> <span class='ocrx_word' id='word_1_168' title='bbox 816 1872 877 1916; x_wconf 90' lang='lat' dir='ltr'>non</span> <span class='ocrx_word' id='word_1_169' title='bbox 888 1855 962 1915; x_wconf 91' lang='lat' dir='ltr'>dare</span> <span class='ocrx_word' id='word_1_170' title='bbox 974 1855 1129 1920; x_wconf 88' lang='lat' dir='ltr'>infinitam</span> 
     </span>
     <span class='ocr_line' id='line_1_21' title="bbox 152 1937 1128 2005; baseline 0.006 -6"><span class='ocrx_word' id='word_1_171' title='bbox 152 1941 301 2000; x_wconf 85' lang='lat' dir='ltr'>licentium</span> <span class='ocrx_word' id='word_1_172' title='bbox 317 1941 429 2000; x_wconf 89' lang='lat' dir='ltr'>iudicii.</span> <span class='ocrx_word' id='word_1_173' title='bbox 451 1941 521 2001; x_wconf 89' lang='lat' dir='ltr'>ideo</span> <span class='ocrx_word' id='word_1_174' title='bbox 537 1942 642 2000; x_wconf 86' lang='lat' dir='ltr'>melior</span> <span class='ocrx_word' id='word_1_175' title='bbox 658 1942 777 2000; x_wconf 90' lang='lat' dir='ltr'>videtur</span> <span class='ocrx_word' id='word_1_176' title='bbox 789 1937 929 2000; x_wconf 88' lang='lat' dir='ltr'>condicio</span> <span class='ocrx_word' id='word_1_177' title='bbox 943 1955 1063 2002; x_wconf 84' lang='lat' dir='ltr'>causae</span> <span class='ocrx_word' id='word_1_178' title='bbox 1075 1944 1128 2005; x_wconf 89' lang='lat' dir='ltr'>bu·</span> 
     </span>
     <span class='ocr_line' id='line_1_22' title="bbox 153 2023 1129 2102; baseline 0.005 -20"><span class='ocrx_word' id='word_1_179' title='bbox 153 2040 223 2097; x_wconf 89' lang='lat' dir='ltr'>nae,</span> <span class='ocrx_word' id='word_1_180' title='bbox 251 2026 277 2085; x_wconf 91' lang='lat' dir='ltr'>si</span> <span class='ocrx_word' id='word_1_181' title='bbox 299 2025 339 2083; x_wconf 92' lang='lat' dir='ltr'>ad</span> <span class='ocrx_word' id='word_1_182' title='bbox 360 2025 490 2084; x_wconf 87' lang='lat' dir='ltr'>iudicem</span> <span class='ocrx_word' id='word_1_183' title='bbox 512 2025 650 2098; x_wconf 89' lang='lat' dir='ltr'>quamsi</span> <span class='ocrx_word' id='word_1_184' title='bbox 673 2024 711 2083; x_wconf 91' lang='lat' dir='ltr'>ad</span> <span class='ocrx_word' id='word_1_185' title='bbox 727 2023 871 2083; x_wconf 88' lang='lat' dir='ltr'>arbitrum</span> <span class='ocrx_word' id='word_1_186' title='bbox 885 2023 1027 2097; x_wconf 75' lang='lat' dir='ltr'>mittitur,</span> <span class='ocrx_word' id='word_1_187' title='bbox 1057 2027 1129 2102; x_wconf 88' lang='lat' dir='ltr'>quia</span> 
     </span>
     <span class='ocr_line' id='line_1_23' title="bbox 152 2105 1129 2182; baseline 0.003 -16"><span class='ocrx_word' id='word_1_188' title='bbox 152 2110 234 2168; x_wconf 91' lang='lat' dir='ltr'>illum</span> <span class='ocrx_word' id='word_1_189' title='bbox 257 2109 384 2168; x_wconf 86' lang='lat' dir='ltr'>lormula</span> <span class='ocrx_word' id='word_1_190' title='bbox 405 2105 531 2165; x_wconf 87' lang='lat' dir='ltr'>includit</span> <span class='ocrx_word' id='word_1_191' title='bbox 546 2114 576 2164; x_wconf 90' lang='lat' dir='ltr'>et</span> <span class='ocrx_word' id='word_1_192' title='bbox 590 2112 715 2176; x_wconf 73' lang='lat' dir='ltr'>certos„</span> <span class='ocrx_word' id='word_1_193' title='bbox 729 2122 807 2178; x_wconf 89' lang='lat' dir='ltr'>quos</span> <span class='ocrx_word' id='word_1_194' title='bbox 823 2122 882 2165; x_wconf 91' lang='lat' dir='ltr'>nan</span> <span class='ocrx_word' id='word_1_195' title='bbox 898 2108 1048 2182; x_wconf 88' lang='lat' dir='ltr'>excedat,</span> <span class='ocrx_word' id='word_1_196' title='bbox 1071 2118 1129 2171; x_wconf 91' lang='lat' dir='ltr'>ter-</span> 
     </span>
     <span class='ocr_line' id='line_1_24' title="bbox 152 2186 1129 2263; baseline 0.006 -14"><span class='ocrx_word' id='word_1_197' title='bbox 152 2190 251 2249; x_wconf 90' lang='lat' dir='ltr'>minos</span> <span class='ocrx_word' id='word_1_198' title='bbox 275 2189 374 2263; x_wconf 91' lang='lat' dir='ltr'>ponit,</span> <span class='ocrx_word' id='word_1_199' title='bbox 398 2188 488 2246; x_wconf 88' lang='lat' dir='ltr'>huius</span> <span class='ocrx_word' id='word_1_200' title='bbox 508 2187 603 2246; x_wconf 90' lang='lat' dir='ltr'>libera</span> <span class='ocrx_word' id='word_1_201' title='bbox 625 2195 654 2245; x_wconf 92' lang='lat' dir='ltr'>et</span> <span class='ocrx_word' id='word_1_202' title='bbox 668 2186 757 2246; x_wconf 87' lang='lat' dir='ltr'>nullis</span> <span class='ocrx_word' id='word_1_203' title='bbox 772 2190 915 2248; x_wconf 87' lang='lat' dir='ltr'>adstricta</span> <span class='ocrx_word' id='word_1_204' title='bbox 930 2191 1068 2254; x_wconf 90' lang='lat' dir='ltr'>vinculis</span> <span class='ocrx_word' id='word_1_205' title='bbox 1084 2210 1129 2254; x_wconf 78' lang='lat' dir='ltr'>re</span> 
     </span>
     <span class='ocr_line' id='line_1_25' title="bbox 152 2269 1130 2345; baseline 0.008 -15"><span class='ocrx_word' id='word_1_206' title='bbox 152 2274 223 2345; x_wconf 84' lang='lat' dir='ltr'>ligio</span> <span class='ocrx_word' id='word_1_207' title='bbox 246 2278 275 2330; x_wconf 91' lang='lat' dir='ltr'>et</span> <span class='ocrx_word' id='word_1_208' title='bbox 296 2270 455 2330; x_wconf 83' lang='lat' dir='ltr'>detrahere</span> <span class='ocrx_word' id='word_1_209' title='bbox 472 2269 589 2345; x_wconf 90' lang='lat' dir='ltr'>aliquid</span> <span class='ocrx_word' id='word_1_210' title='bbox 604 2277 705 2343; x_wconf 86' lang='lat' dir='ltr'>potest</span> <span class='ocrx_word' id='word_1_211' title='bbox 719 2279 748 2331; x_wconf 89' lang='lat' dir='ltr'>et</span> <span class='ocrx_word' id='word_1_212' title='bbox 762 2272 884 2331; x_wconf 85' lang='lat' dir='ltr'>adicere</span> <span class='ocrx_word' id='word_1_213' title='bbox 898 2281 929 2333; x_wconf 88' lang='lat' dir='ltr'>et</span> <span class='ocrx_word' id='word_1_214' title='bbox 943 2278 1130 2338; x_wconf 89' lang='lat' dir='ltr'>sententiam</span> 
     </span>
     <span class='ocr_line' id='line_1_26' title="bbox 152 2351 1129 2431; baseline 0.006 -16"><span class='ocrx_word' id='word_1_215' title='bbox 152 2371 254 2426; x_wconf 86' lang='lat' dir='ltr'>suam,</span> <span class='ocrx_word' id='word_1_216' title='bbox 278 2370 337 2414; x_wconf 90' lang='lat' dir='ltr'>non</span> <span class='ocrx_word' id='word_1_217' title='bbox 361 2362 451 2428; x_wconf 89' lang='lat' dir='ltr'>prout</span> <span class='ocrx_word' id='word_1_218' title='bbox 471 2355 520 2412; x_wconf 89' lang='lat' dir='ltr'>lex</span> <span class='ocrx_word' id='word_1_219' title='bbox 542 2360 593 2412; x_wconf 89' lang='lat' dir='ltr'>aut</span> <span class='ocrx_word' id='word_1_220' title='bbox 614 2351 726 2414; x_wconf 89' lang='lat' dir='ltr'>iustitia</span> <span class='ocrx_word' id='word_1_221' title='bbox 741 2355 865 2430; x_wconf 84' lang='lat' dir='ltr'>suadet,</span> <span class='ocrx_word' id='word_1_222' title='bbox 889 2357 946 2416; x_wconf 90' lang='lat' dir='ltr'>sed</span> <span class='ocrx_word' id='word_1_223' title='bbox 962 2367 1060 2431; x_wconf 91' lang='lat' dir='ltr'>prout</span> <span class='ocrx_word' id='word_1_224' title='bbox 1075 2363 1129 2421; x_wconf 91' lang='lat' dir='ltr'>hu·</span> 
     </span>
     <span class='ocr_line' id='line_1_27' title="bbox 123 2436 1129 2513; baseline 0.004 -14"><span class='ocrx_word' id='word_1_225' title='bbox 123 2439 277 2499; x_wconf 76' lang='lat' dir='ltr'>tmanitas</span> <span class='ocrx_word' id='word_1_226' title='bbox 291 2445 343 2498; x_wconf 90' lang='lat' dir='ltr'>aut</span> <span class='ocrx_word' id='word_1_227' title='bbox 353 2436 563 2498; x_wconf 88' lang='lat' dir='ltr'>misericordia</span> <span class='ocrx_word' id='word_1_228' title='bbox 575 2436 695 2510; x_wconf 84' lang='lat' dir='ltr'>inpulit,</span> <span class='ocrx_word' id='word_1_229' title='bbox 710 2453 826 2511; x_wconf 79' lang='lat' dir='ltr'>regere.</span> <span class='ocrx_word' id='word_1_230' title='bbox 854 2441 1004 2513; x_wconf 84' lang='lat' dir='ltr'>Ingrati</span> <span class='ocrx_word' id='word_1_231' title='bbox 1018 2444 1129 2506; x_wconf 87' lang='lat' dir='ltr'>actio</span> 
     </span>
     <span class='ocr_line' id='line_1_28' title="bbox 152 2520 1130 2597; baseline 0.009 -16"><span class='ocrx_word' id='word_1_232' title='bbox 152 2539 224 2582; x_wconf 87' lang='lat' dir='ltr'>non</span> <span class='ocrx_word' id='word_1_233' title='bbox 248 2530 329 2583; x_wconf 90' lang='lat' dir='ltr'>erat</span> <span class='ocrx_word' id='word_1_234' title='bbox 346 2522 513 2582; x_wconf 90' lang='lat' dir='ltr'>iudicem</span> <span class='ocrx_word' id='word_1_235' title='bbox 530 2520 767 2594; x_wconf 82' lang='lat' dir='ltr'>adligatura,</span> <span class='ocrx_word' id='word_1_236' title='bbox 791 2522 1130 2597; x_wconf 81' lang='lat' dir='ltr'>sedregnoliberrimu</span> 
     </span>
     <span class='ocr_line' id='line_1_29' title="bbox 152 2602 1131 2682; baseline 0.005 -15"><span class='ocrx_word' id='word_1_237' title='bbox 152 2606 300 2682; x_wconf 89' lang='lat' dir='ltr'>positura.</span> <span class='ocrx_word' id='word_1_238' title='bbox 330 2607 403 2682; x_wconf 91' lang='lat' dir='ltr'>quid</span> <span class='ocrx_word' id='word_1_239' title='bbox 422 2604 462 2664; x_wconf 91' lang='lat' dir='ltr'>sit</span> <span class='ocrx_word' id='word_1_240' title='bbox 482 2602 561 2662; x_wconf 91' lang='lat' dir='ltr'>enim</span> <span class='ocrx_word' id='word_1_241' title='bbox 581 2603 760 2664; x_wconf 85' lang='lat' dir='ltr'>beneficium</span> <span class='ocrx_word' id='word_1_242' title='bbox 778 2622 838 2666; x_wconf 90' lang='lat' dir='ltr'>non</span> <span class='ocrx_word' id='word_1_243' title='bbox 854 2613 983 2667; x_wconf 89' lang='lat' dir='ltr'>constat.</span> <span class='ocrx_word' id='word_1_244' title='bbox 1012 2609 1131 2671; x_wconf 91' lang='lat' dir='ltr'>deinde</span> 
     </span>
     <span class='ocr_line' id='line_1_30' title="bbox 154 2688 1131 2765; baseline 0.006 -15"><span class='ocrx_word' id='word_1_245' title='bbox 154 2699 298 2765; x_wconf 86' lang='lat' dir='ltr'>quantum</span> <span class='ocrx_word' id='word_1_246' title='bbox 330 2691 389 2748; x_wconf 78' lang='lat' dir='ltr'>sit:</span> <span class='ocrx_word' id='word_1_247' title='bbox 423 2688 516 2746; x_wconf 89' lang='lat' dir='ltr'>relert</span> <span class='ocrx_word' id='word_1_248' title='bbox 541 2703 631 2759; x_wconf 89' lang='lat' dir='ltr'>quam</span> <span class='ocrx_word' id='word_1_249' title='bbox 656 2688 786 2762; x_wconf 83' lang='lat' dir='ltr'>benigne</span> <span class='ocrx_word' id='word_1_250' title='bbox 811 2690 885 2749; x_wconf 90' lang='lat' dir='ltr'>illud</span> <span class='ocrx_word' id='word_1_251' title='bbox 909 2691 1131 2765; x_wconf 86' lang='lat' dir='ltr'>interpretetur</span> 
     </span>
     <span class='ocr_line' id='line_1_31' title="bbox 152 2771 1130 2852; baseline 0.009 -22"><span class='ocrx_word' id='word_1_252' title='bbox 152 2774 253 2830; x_wconf 89' lang='lat' dir='ltr'>iudex.</span> <span class='ocrx_word' id='word_1_253' title='bbox 291 2773 368 2845; x_wconf 81' lang='lat' dir='ltr'>Quid</span> <span class='ocrx_word' id='word_1_254' title='bbox 389 2771 428 2829; x_wconf 93' lang='lat' dir='ltr'>sit</span> <span class='ocrx_word' id='word_1_255' title='bbox 447 2771 583 2843; x_wconf 82' lang='lat' dir='ltr'>ingratus</span> <span class='ocrx_word' id='word_1_256' title='bbox 605 2772 687 2831; x_wconf 91' lang='lat' dir='ltr'>nulla</span> <span class='ocrx_word' id='word_1_257' title='bbox 708 2772 758 2830; x_wconf 87' lang='lat' dir='ltr'>lex</span> <span class='ocrx_word' id='word_1_258' title='bbox 773 2780 936 2833; x_wconf 84' lang='lat' dir='ltr'>monstrat:</span> <span class='ocrx_word' id='word_1_259' title='bbox 958 2789 1061 2849; x_wconf 84' lang='lat' dir='ltr'>saepe</span> <span class='ocrx_word' id='word_1_260' title='bbox 1077 2783 1130 2852; x_wconf 92' lang='lat' dir='ltr'>[et]</span> 
     </span>
     <span class='ocr_line' id='line_1_32' title="bbox 153 2854 1132 2931; baseline 0.009 -18"><span class='ocrx_word' id='word_1_261' title='bbox 153 2855 204 2929; x_wconf 91' lang='lat' dir='ltr'>qui</span> <span class='ocrx_word' id='word_1_262' title='bbox 218 2854 351 2913; x_wconf 91' lang='lat' dir='ltr'>reddidit</span> <span class='ocrx_word' id='word_1_263' title='bbox 368 2854 451 2927; x_wconf 90' lang='lat' dir='ltr'>quod</span> <span class='ocrx_word' id='word_1_264' title='bbox 465 2855 583 2928; x_wconf 86' lang='lat' dir='ltr'>accepit</span> <span class='ocrx_word' id='word_1_265' title='bbox 597 2855 733 2929; x_wconf 83' lang='lat' dir='ltr'>ingratus</span> <span class='ocrx_word' id='word_1_266' title='bbox 749 2864 795 2916; x_wconf 88' lang='lat' dir='ltr'>est</span> <span class='ocrx_word' id='word_1_267' title='bbox 810 2858 903 2931; x_wconf 88' lang='lat' dir='ltr'>etqui</span> <span class='ocrx_word' id='word_1_268' title='bbox 918 2873 978 2917; x_wconf 89' lang='lat' dir='ltr'>non</span> <span class='ocrx_word' id='word_1_269' title='bbox 991 2860 1132 2922; x_wconf 90' lang='lat' dir='ltr'>reddidit</span> 
     </span>
     <span class='ocr_line' id='line_1_33' title="bbox 124 2938 1131 3014; baseline 0.011 -19"><span class='ocrx_word' id='word_1_270' title='bbox 124 2940 266 3011; x_wconf 81' lang='lat' dir='ltr'>ignatus.</span> <span class='ocrx_word' id='word_1_271' title='bbox 306 2938 351 2998; x_wconf 87' lang='lat' dir='ltr'>De</span> <span class='ocrx_word' id='word_1_272' title='bbox 372 2938 553 3012; x_wconf 87' lang='lat' dir='ltr'>quibusdam</span> <span class='ocrx_word' id='word_1_273' title='bbox 573 2946 603 2998; x_wconf 89' lang='lat' dir='ltr'>et</span> <span class='ocrx_word' id='word_1_274' title='bbox 622 2940 770 3014; x_wconf 90' lang='lat' dir='ltr'>inperitus</span> <span class='ocrx_word' id='word_1_275' title='bbox 795 2941 888 3001; x_wconf 85' lang='lat' dir='ltr'>iudex</span> <span class='ocrx_word' id='word_1_276' title='bbox 910 2940 1063 3002; x_wconf 89' lang='lat' dir='ltr'>dimittere</span> <span class='ocrx_word' id='word_1_277' title='bbox 1087 2953 1131 3006; x_wconf 85' lang='lat' dir='ltr'>ta·</span> 
     </span>
     <span class='ocr_line' id='line_1_34' title="bbox 151 3021 1130 3097; baseline 0.008 -19"><span class='ocrx_word' id='word_1_278' title='bbox 151 3021 261 3079; x_wconf 90' lang='lat' dir='ltr'>bellam</span> <span class='ocrx_word' id='word_1_279' title='bbox 277 3027 393 3095; x_wconf 90' lang='lat' dir='ltr'>polest,</span> <span class='ocrx_word' id='word_1_280' title='bbox 414 3021 464 3081; x_wconf 89' lang='lat' dir='ltr'>ubi</span> <span class='ocrx_word' id='word_1_281' title='bbox 480 3021 591 3081; x_wconf 85' lang='lat' dir='ltr'>iecisse</span> <span class='ocrx_word' id='word_1_282' title='bbox 607 3030 729 3083; x_wconf 86' lang='lat' dir='ltr'>autnon</span> <span class='ocrx_word' id='word_1_283' title='bbox 742 3021 1130 3097; x_wconf 88' lang='lat' dir='ltr'>lecissepronuntiandnm</span> 
     </span>
     <span class='ocr_line' id='line_1_35' title="bbox 152 3102 1132 3178; baseline 0.012 -17"><span class='ocrx_word' id='word_1_284' title='bbox 152 3109 206 3175; x_wconf 90' lang='lat' dir='ltr'>est,</span> <span class='ocrx_word' id='word_1_285' title='bbox 219 3102 272 3168; x_wconf 87' lang='lat' dir='ltr'>ubi</span> <span class='ocrx_word' id='word_1_286' title='bbox 283 3105 409 3178; x_wconf 89' lang='lat' dir='ltr'>prolatis</span> <span class='ocrx_word' id='word_1_287' title='bbox 422 3104 613 3166; x_wconf 85' lang='lat' dir='ltr'>cautionibus</span> <span class='ocrx_word' id='word_1_288' title='bbox 625 3108 833 3166; x_wconf 87' lang='lat' dir='ltr'>controversia</span> <span class='ocrx_word' id='word_1_289' title='bbox 845 3106 955 3166; x_wconf 87' lang='lat' dir='ltr'>tollitur</span> <span class='ocrx_word' id='word_1_290' title='bbox 967 3129 973 3160; x_wconf 87' lang='lat'>=</span> <span class='ocrx_word' id='word_1_291' title='bbox 993 3108 1048 3168; x_wconf 88' lang='lat' dir='ltr'>ubi</span> <span class='ocrx_word' id='word_1_292' title='bbox 1060 3128 1132 3172; x_wconf 85' lang='lat' dir='ltr'>vere</span> 
     </span>
     <span class='ocr_line' id='line_1_36' title="bbox 152 3187 1130 3268; baseline 0.01 -23"><span class='ocrx_word' id='word_1_293' title='bbox 152 3187 1130 3268; x_wconf 73' lang='lat' dir='ltr'>interdispulantesratioiusdicitubianimicaniecturacapien·</span> 
     </span>
     <span class='ocr_line' id='line_1_37' title="bbox 152 3271 1130 3348; baseline 0.009 -18"><span class='ocrx_word' id='word_1_294' title='bbox 152 3271 191 3330; x_wconf 90' lang='lat' dir='ltr'>da</span> <span class='ocrx_word' id='word_1_295' title='bbox 206 3277 268 3342; x_wconf 90' lang='lat' dir='ltr'>est,</span> <span class='ocrx_word' id='word_1_296' title='bbox 290 3272 341 3331; x_wconf 91' lang='lat' dir='ltr'>ubi</span> <span class='ocrx_word' id='word_1_297' title='bbox 357 3271 403 3345; x_wconf 93' lang='lat' dir='ltr'>id,</span> <span class='ocrx_word' id='word_1_298' title='bbox 424 3272 463 3330; x_wconf 94' lang='lat' dir='ltr'>de</span> <span class='ocrx_word' id='word_1_299' title='bbox 475 3289 535 3347; x_wconf 91' lang='lat' dir='ltr'>quo</span> <span class='ocrx_word' id='word_1_300' title='bbox 552 3275 619 3333; x_wconf 91' lang='lat' dir='ltr'>sola</span> <span class='ocrx_word' id='word_1_301' title='bbox 630 3273 779 3348; x_wconf 87' lang='lat' dir='ltr'>sapientia</span> <span class='ocrx_word' id='word_1_302' title='bbox 791 3273 940 3345; x_wconf 91' lang='lat' dir='ltr'>decernit,</span> <span class='ocrx_word' id='word_1_303' title='bbox 958 3273 988 3332; x_wconf 89' lang='lat' dir='ltr'>in</span> <span class='ocrx_word' id='word_1_304' title='bbox 1003 3285 1130 3338; x_wconf 87' lang='lat' dir='ltr'>contru-</span> 
     </span>
    </p>
   </div>
   <div class='ocr_carea' id='block_1_3' title="bbox 43 3353 1130 3429">
    <p class='ocr_par' dir='ltr' id='par_1_3' title="bbox 43 3353 1130 3429">
     <span class='ocr_line' id='line_1_38' title="bbox 43 3353 1130 3429; baseline 0.008 -16"><span class='ocrx_word' id='word_1_305' title='bbox 43 3392 48 3401; x_wconf 87' lang='lat'><em>-</em></span> <span class='ocrx_word' id='word_1_306' title='bbox 151 3353 1130 3429; x_wconf 84' lang='lat' dir='ltr'>versiamincidit,n0npotestadhaecsamiiudexexturbasele-</span> 
     </span>
    </p>
   </div>
   <div class='ocr_carea' id='block_1_4' title="bbox 154 3437 1130 3515">
    <p class='ocr_par' dir='ltr' id='par_1_4' title="bbox 154 3437 1130 3515">
     <span class='ocr_line' id='line_1_39' title="bbox 154 3437 1130 3515; baseline 0.004 -16"><span class='ocrx_word' id='word_1_307' title='bbox 154 3446 279 3514; x_wconf 84' lang='lat' dir='ltr'>clarum,</span> <span class='ocrx_word' id='word_1_308' title='bbox 295 3455 384 3515; x_wconf 90' lang='lat' dir='ltr'>quem</span> <span class='ocrx_word' id='word_1_309' title='bbox 397 3455 509 3498; x_wconf 85' lang='lat' dir='ltr'>census</span> <span class='ocrx_word' id='word_1_310' title='bbox 520 3439 551 3498; x_wconf 92' lang='lat' dir='ltr'>in</span> <span class='ocrx_word' id='word_1_311' title='bbox 564 3440 665 3499; x_wconf 93' lang='lat' dir='ltr'>album</span> <span class='ocrx_word' id='word_1_312' title='bbox 674 3437 1024 3515; x_wconf 86' lang='lat' dir='ltr'>etequestrishereditas</span> <span class='ocrx_word' id='word_1_313' title='bbox 1034 3444 1130 3506; x_wconf 88' lang='lat' dir='ltr'>misit.</span> 
     </span>
    </p>
   </div>
   <div class='ocr_carea' id='block_1_5' title="bbox 0 0 1189 3840">
    <p class='ocr_par' dir='ltr' id='par_1_5' title="bbox 0 0 1189 3840">
     <span class='ocr_line' id='line_1_40' title="bbox 0 0 1189 3840; baseline 0 0"><span class='ocrx_word' id='word_1_314' title='bbox 0 0 1189 3840; x_wconf 95' lang='lat' dir='ltr'> </span> 
     </span>
    </p>
   </div>
  </div>
 </body>
</html>
