2364 3840
155 158 217 223 278
466 161 498 218 L.
521 160 667 219 axx-affl
689 158 865 219 SENECAE

124 311 281 381 alibcrius
303 313 395 373 undis
416 318 536 371 vacant.
570 326 648 384 quas
671 310 747 385 quid
764 318 847 371 vetat
867 310 927 371 illic
942 309 1093 371 fluctuare
1107 321 1136 373 et

158 398 270 465 centis,
297 414 376 469 iquos
402 412 492 455 omne
518 396 707 455 intervallum
731 403 878 455 terrarum
902 402 934 454 et
957 396 1058 455 omnis
1084 412 1135 454 aer

156 488 254 549 creat,
271 480 395 554 inpellit
416 487 519 553 potest
533 494 607 552 ergo
623 495 720 537 maror
734 478 826 539 solito
842 484 950 538 exorta
967 486 1134 553 tempestas

157 564 289 637 aliquam
312 570 429 637 partem
452 571 598 622 terramm
616 562 768 636 inpulsam
783 562 995 623 vehementius
1011 578 1134 623 conmo-

157 663 238 705 rerc.
270 664 339 705 ncnn
360 647 442 719 apud
465 664 522 705 nos
538 662 662 720 quoque
677 647 784 715 multa,
807 662 887 720 quae
902 647 1013 720 procul
1028 663 1048 705 a
1062 663 1135 706 man

157 732 290 801 lucrant,
319 730 420 789 subito
441 731 508 788 eius
528 745 659 788 accessu
686 729 911 803 copulaverunt
934 736 967 789 et
990 730 1080 790 villas
1106 731 1134 789 in

156 824 323 887 prospectu
344 815 520 872 conlocatas
542 812 669 885 iluctus,
697 812 749 886 qui
763 814 854 887 longe
868 813 1066 885 audiebatur,
1092 815 1134 873 in-

157 898 244 956 vasit.
273 898 337 955 lllic
354 912 479 970 quoquo
495 903 597 969 potest
616 896 763 955 recedere
777 912 814 955 ac
827 911 990 971 resurgere
1004 900 1132 972 pelagus

157 981 322 1049 internum,
340 996 469 1053 quorum
483 989 620 1041 neutrum
634 980 668 1037 fit
682 981 749 1038 sine
763 987 848 1041 motu
862 982 1133 1054 superstantium.“

125 1076 139 1127 1
218 1063 297 1121 Vlll.
332 1063 399 1122 Non
422 1064 545 1137 quidem
566 1062 708 1122 existimo
730 1063 783 1123 diu
803 1073 832 1124 tc
851 1062 1073 1125 haesitaturum
1095 1081 1131 1123 au

157 1147 266 1206 credas
288 1162 359 1207 esse
379 1148 598 1207 subterraneos
619 1162 725 1207 amnes
744 1155 774 1206 et
798 1162 881 1207 mare
903 1146 1132 1208 absconditum:

156 1230 238 1290 unde
263 1230 344 1290 enim
365 1232 424 1291 ista
450 1237 634 1305 prorepunt,
659 1232 741 1291 unde
763 1231 804 1289 ad
829 1246 887 1290 nos
914 1230 1056 1304 veniunt,
1077 1232 1133 1290 nisi

123 1314 239 1389 tnuod
261 1315 347 1387 origo
369 1316 504 1375 humoris
521 1316 638 1374 inclusa
652 1320 721 1373 estt
741 1316 824 1388 Age,
851 1329 920 1375 cum
940 1315 1032 1375 vides
1044 1316 1131 1375 inter-

155 1406 276 1472 ruptum
290 1400 401 1472 Tigrim
422 1399 452 1457 in
467 1399 568 1458 medio
581 1398 688 1457 itinere
709 1398 818 1456 siccari
832 1404 863 1456 et
876 1413 938 1457 non
954 1399 1132 1459 universum

156 1482 265 1553 averti,
288 1482 344 1540 sed
361 1483 503 1556 paulatim
519 1498 580 1541 non
595 1481 814 1555 adparentiltus
828 1480 948 1541 damnis
963 1483 1058 1543 minui
1074 1482 1131 1558 pri·

155 1582 252 1637 mum,
274 1566 386 1624 deinde
401 1563 555 1636 consumi,
579 1580 641 1639 quo
653 1565 735 1623 illum
752 1572 841 1638 putas
858 1564 944 1624 abire
958 1566 1019 1625 nisi
1033 1568 1064 1624 in
1080 1566 1129 1626 ob·

155 1665 247 1707 scura
261 1656 423 1722 terrarum,
443 1649 549 1721 utique
565 1664 633 1708 cum
651 1647 759 1707 videas
775 1663 932 1723 emergere
946 1650 1057 1709 iterum
1072 1666 1132 1710 uon

155 1732 301 1790 minorem
313 1747 365 1805 co,
382 1733 433 1806 qui
448 1733 530 1806 prior
541 1729 694 1792 fluxerat?
709 1730 787 1804 Quid
799 1748 867 1793 cum
878 1731 967 1793 vides
978 1733 1131 1808 Alpheon,

156 1815 341 1875 celebratum
364 1815 481 1890 poetis,
504 1817 532 1874 in
556 1815 673 1875 Achaia
695 1813 792 1888 mergi
811 1823 842 1875 ct
860 1815 890 1874 in
906 1813 1014 1877 Sicilia
1026 1831 1131 1877 rursus

155 1898 320 1959 transieoto
336 1901 412 1959 mari
427 1899 586 1959 effundere
600 1898 850 1958 amoenissimum
871 1899 987 1959 iontem
1003 1900 1130 1961 Arethu-

125 1985 243 2041 asam?
273 1983 381 2043 Nescis
406 1991 507 2043 autern
532 1983 609 2041 inter
635 1981 813 2056 opiniones,
837 1982 950 2056 quihus
975 1992 1130 2044 enarratur

154 2064 211 2125 Nili
228 2068 346 2125 aestiva
363 2068 536 2139 inundatio,
558 2074 587 2126 et
601 2065 680 2125 hanc
695 2080 785 2137 esse,
806 2082 825 2124 a
840 2071 920 2125 terra
934 2066 1021 2127 illum
1034 2083 1129 2127 erum·

155 2165 229 2221 pere
250 2158 280 2217 et
296 2151 400 2222 augeri
420 2166 481 2209 non
499 2148 642 2223 supernis
657 2150 761 2223 aquis,
781 2150 837 2209 sed
857 2164 897 2207 ex
911 2148 1017 2210 intimo
1032 2150 1129 2211 reddi-

154 2232 215 2290 tist
242 2230 308 2305 Ego
327 2232 449 2305 quidem
471 2233 665 2293 centuriones
689 2233 783 2306 duos,
805 2248 886 2307 quos
905 2232 989 2295 Nero
1010 2235 1129 2307 Caesar,

154 2322 187 2375 ut
207 2313 332 2373 aliarum
354 2315 494 2377 virtutum
518 2317 558 2375 ita
578 2316 712 2375 veritatis
726 2316 755 2375 in
772 2315 878 2390 primis
892 2317 1128 2387 amantissimus,

154 2398 195 2458 ad
215 2399 460 2473 investigandum
488 2408 581 2474 caput
599 2399 657 2458 Nili
680 2399 819 2471 miserat,
845 2398 949 2460 audivi
973 2409 1128 2461 narrantes

154 2484 277 2557 longum
299 2484 367 2545 illos
389 2485 445 2545 iter
466 2481 639 2558 peregisse,
665 2499 735 2542 cum
754 2500 773 2542 a
791 2499 865 2558 rege
883 2484 1070 2561 Aethiopiae
1088 2485 1129 2544 in·

154 2568 260 2627 structi
285 2569 398 2628 auxilio
425 2567 690 2640 commendatione
711 2567 860 2641 proximis
885 2568 1013 2644 regibus
1038 2583 1127 2645 pene·

121 2646 288 2712 inessent
302 2652 341 2710 ad
357 2653 509 2712 ulteriora.
527 2651 608 2728 „[Et]
626 2651 763 2724 quidem,
778 2649 917 2725 aiebant,
932 2652 1128 2727 pervenimus

154 2735 193 2792 ad
206 2736 360 2795 inmensas
383 2736 528 2810 paludeS‚
552 2750 681 2807 quarum
696 2735 808 2795 exitum
824 2750 881 2795 nec
896 2734 1018 2798 incolae
1039 2751 1128 2797 nove·

152 2824 222 2876 rant
240 2833 297 2876 nec
320 2834 446 2893 sperare
468 2819 631 2893 quisquam
651 2825 768 2892 potest=
795 2817 837 2879 ita
856 2818 1023 2894 inplicatae
1042 2817 1128 2895 aquis

153 2898 267 2958 herbae
288 2910 359 2961 sunt
378 2911 408 2962 et
427 2918 527 2977 aquae
547 2918 648 2977 neque
671 2902 764 2977 pediti
779 2902 957 2963 eluctabiles
973 2920 1033 2965 neo
1048 2902 1127 2963 navi·

153 2982 219 3055 gio,
248 2985 329 3055 quod
351 2985 409 3045 nisi
430 3004 557 3060 parvum
578 2987 718 3047 etunius
740 3002 839 3060 capax
860 2986 972 3048 limosa
986 2995 1017 3049 et
1032 2988 1128 3050 obsita

154 3066 242 3139 palus
270 3082 329 3125 non
343 3068 427 3127 lerart.
459 3071 521 3142 toi,
548 3071 659 3145 inquit,
688 3070 817 3130 vidimus
839 3069 918 3131 duas
944 3078 1066 3147 petras,
1091 3085 1128 3129 ex

120 3148 268 3221 equibus
289 3149 396 3223 urgens
419 3152 465 3213 ris
485 3154 618 3213 fluminis
641 3153 832 3214 excidebat.“
864 3152 929 3215 Sed
950 3156 1020 3217 sive
1039 3160 1128 3230 caput

151 3232 203 3293 illo
216 3234 283 3293 sive
298 3235 438 3295 accessio
454 3244 501 3297 est
514 3238 586 3308 Nili,
608 3239 674 3297 sive
694 3246 766 3298 tunc
789 3239 924 3299 nascitur
944 3240 1058 3303 sivein
1070 3246 1127 3299 ter·

151 3330 163 3360 r
219 3330 260 3375 ex
275 3314 381 3392 priore
394 3329 520 3396 recepta
540 3336 633 3381 cursu
646 3321 740 3382 redit=
758 3338 861 3383 nonne
876 3330 908 3384 tu
921 3322 1025 3385 credis
1038 3324 1125 3393 ittam,
1166 3342 1169 3347 ·

165 3398 302 3475 nu'cquid
330 3408 396 3473 est,
428 3419 469 3463 ex
502 3418 613 3476 magno
640 3412 788 3465 terrarum
818 3407 888 3467 lacu
920 3406 1128 3469 adscenderet
