2346 3832
262 157 404 218 NATUR.
423 157 585 230 QUAEST.
608 157 678 216 LlB.
697 159 716 215 l.
738 166 780 220 16.
796 167 835 222 lf·
978 159 1037 222 181

55 312 115 370 dat.
138 309 170 369 Si
187 309 295 367 liceret
310 306 390 379 mihi,
406 308 447 366 ad
461 322 565 366 verum
577 306 641 365 ista'
650 306 865 380 perducerem:
890 309 1036 381 quianon
1053 321 1070 376 9

55 395 134 466 iicet,
149 392 314 452 mendacio
331 407 448 466 pascar.
472 390 667 450 obscoenitas
683 406 750 448 mee
765 391 834 463 plus
851 407 941 464 quam
958 391 1039 466 cepit

53 478 158 536 ideal
179 483 209 536 et
230 476 403 549 patientium
424 490 511 534 suam
532 474 601 547 ipsa
622 473 779 533 miretur.“
814 473 942 533 Facinus
964 474 1039 534 indi-

55 577 159 634 gnum.
191 559 245 618 hic
256 559 388 618 fortasse
404 559 463 618 cito
479 564 509 616 et
524 564 687 631 antequam
706 556 823 615 videret
839 558 960 618 occisus
977 566 1038 618 ests

56 645 94 703 ad
114 643 277 717 specuium
293 658 382 702 suum
399 641 594 700 inmolandus
612 641 676 704 fuit.

119 727 214 786 xvii.
240 723 443 785 Derideantur
458 739 539 784 nunc
555 724 750 800 philosophi,
766 729 850 803 quod
866 728 905 786 de
921 726 1039 800 speculi
1056 733 1069 783 1

57 819 165 870 natura
185 809 354 881 disserant,
378 810 461 883 quod
481 809 649 882 inquirant,
675 809 749 884 quid
765 812 806 870 ita
822 812 916 871 facies
933 816 1039 871 nostra

56 895 146 956 nobis
169 892 343 968 etquidem
364 893 394 950 in
418 907 475 951 nos
498 893 630 951 obversa
644 893 804 968 reddatur,
826 895 899 971 quid
916 895 974 954 sibi
991 909 1037 952 re·

56 994 122 1038 rum
138 985 248 1037 natura
262 975 407 1048 voluerit,
430 977 529 1050 quod,
551 991 618 1034 cum
641 991 714 1034 vera
735 994 866 1053 corpora
881 979 1037 1050 edidisset,

56 1064 148 1121 etiam
167 1061 331 1120 simulacra
345 1075 450 1119 eorum
463 1059 583 1133 adspici
601 1060 703 1117 voluit.
742 1061 881 1133 Quorsus
898 1061 1070 1136 pertinuita

55 1146 135 1204 hanc
156 1159 327 1217 conparare
347 1143 503 1203 materiam
528 1141 776 1215 excipiendarum
796 1146 959 1218 imaginum
985 1162 1037 1218 po-

55 1235 190 1289 tentem?
204 1244 265 1287 non
280 1227 311 1285 in
326 1226 385 1286 boc
397 1226 521 1297 scilicet,
538 1227 621 1284 ulad
637 1228 796 1299 specuium
810 1227 934 1286 barbam
947 1229 1038 1288 veile-

55 1329 161 1372 rcmus
184 1319 236 1370 aut
254 1319 287 1371 ut
307 1309 413 1369 faciem
435 1310 492 1368 viri
511 1310 687 1383 poliremus.
721 1311 753 1368 in
777 1311 859 1370 uuila
874 1327 907 1369 re
922 1311 972 1368 iiia
987 1306 1038 1371 ne-⁴

56 1388 172 1471 gotium
189 1394 328 1453 luxuriae
343 1395 513 1453 concessit:
530 1392 585 1452 sed
602 1393 732 1468 primum
750 1393 892 1468 omnium,
910 1394 981 1469 quie
996 1394 1039 1452 in-

55 1479 157 1539 becilli
185 1478 330 1543 oculiad
355 1477 565 1536 sustinendum
592 1476 730 1537 cominus
755 1480 852 1538 solem
872 1478 1039 1553 ignoraturi

57 1571 143 1622 erant
158 1564 285 1620 formam
301 1561 377 1634 eius,
392 1560 534 1620 hebetato
549 1561 631 1620 ilium
648 1562 759 1622 iumine
775 1563 917 1623 ostendit.
935 1577 1039 1637 quam-

32 1707 35 1715 ,
57 1648 103 1706 vis
120 1645 201 1704 enim
219 1646 365 1703 orientem
381 1642 631 1718 occidentemque
643 1660 712 1704 eum
728 1645 927 1722 contemplari
941 1647 1038 1718 liceat,

59 1741 157 1791 tamen
174 1728 309 1787 habitum
324 1727 440 1801 ipsum,
463 1728 514 1802 qui
534 1743 626 1786 verus
648 1737 709 1801 est,
732 1747 794 1790 non
810 1730 961 1802 rubentis,
984 1730 1040 1790 sed

58 1812 191 1873 candida
213 1814 282 1870 luce
303 1811 444 1885 fulgentis
467 1811 673 1884 nesciremus,
694 1812 753 1870 nisi
775 1815 804 1872 in
828 1815 931 1888 aliquo
951 1814 1039 1874 uobis

58 1896 188 1955 humore
209 1895 307 1959 leuior
331 1903 363 1954 et
386 1895 504 1968 adspici
526 1895 642 1954 facilior
664 1902 845 1954 occurreret.
880 1895 1071 1955 Praeterea3

59 1981 191 2040 duorum
212 1979 346 2037 siderum
366 1993 543 2050 occursum,
571 1994 632 2053 quo
654 1976 838 2053 interpellari
859 1979 925 2037 dies
952 1979 1039 2050 solet,

58 2080 119 2122 non
135 2062 311 2121 videremus
326 2077 383 2120 nec
397 2061 476 2120 seire
491 2077 671 2136 possemus,
689 2064 762 2137 quid
778 2070 876 2136 esset,
892 2062 950 2121 nisi
965 2062 1037 2122 libe·-

58 2148 121 2205 rius
143 2146 227 2205 humi
248 2146 322 2204 solis
345 2147 495 2217 lunaeque
520 2145 668 2218 imagines
695 2147 880 2208 videremus.
915 2147 1070 2207 Inventa4

59 2237 131 2289 sunt
146 2230 282 2303 specula,
301 2238 334 2288 ut
348 2229 438 2289 homo
456 2229 573 2301 ipsese
589 2238 704 2289 nosset.
728 2233 821 2291 multa
838 2248 878 2290 ex
891 2231 951 2291 iroc
968 2247 1040 2290 eon-

60 2320 245 2387 sequuntur=
269 2313 397 2391 primum
410 2313 456 2372 sui
470 2313 613 2386 notitiam,
629 2314 740 2374 deinde
753 2317 792 2375 ad
803 2316 953 2390 quaedam
967 2330 1039 2374 eon-

60 2398 175 2456 silium:
197 2396 362 2468 formosus,
377 2403 411 2455 ut
425 2397 534 2454 vitaret
550 2397 713 2470 infamiam,
729 2399 884 2471 deformis,
899 2406 933 2457 ut
947 2397 1039 2457 sciret

57 2479 271 2539 redimendum
286 2494 356 2538 esse
371 2479 532 2539 virtutibus
547 2480 692 2554 quicquid
709 2482 829 2554 corpori
842 2482 978 2549 deesset,
994 2479 1037 2536 iu-

58 2564 163 2633 venis,
186 2569 220 2622 ut
240 2561 316 2622 flore
332 2562 438 2623 aetatis
455 2563 668 2623 admoneretur
683 2564 756 2622 iilud
772 2572 891 2636 tempus
907 2578 979 2622 esse
994 2562 1037 2620 di-

61 2646 168 2706 scendi
187 2653 217 2705 et
231 2645 320 2705 fortia
335 2645 485 2716 audendi,
501 2662 612 2718 senex,
629 2656 662 2705 ut
679 2646 824 2706 indecora
842 2646 926 2704 canis
942 2646 1036 2720 depo·

59 2738 160 2800 neret,
180 2736 214 2788 ut
235 2729 273 2787 de
294 2736 389 2789 morte
411 2729 525 2804 aliquid
547 2730 708 2803 cogitaret:
732 2731 771 2787 ad
793 2729 852 2790 hoe
868 2746 969 2790 rerum
985 2746 1035 2789 na-

61 2821 126 2872 tura
147 2812 320 2872 facultatem
342 2813 432 2872 nobis
452 2811 536 2871 dedit
556 2813 765 2886 nosmetipsos
786 2814 921 2873 videndi.
954 2815 1069 2883 Fons5

59 2897 171 2971 cuique
185 2893 361 2970 perlucidus
378 2901 430 2955 aut
444 2895 530 2954 laeve
547 2911 656 2954 saxum
671 2896 831 2970 imaginem
846 2898 960 2959 reddit:

428 2995 525 3053 nuper
540 2995 585 3038 me
600 2981 631 3038 itt
646 2981 730 3040 litore
743 2983 812 3054 vidi,

224 3077 291 3122 cum
301 3063 456 3135 placidum
470 3065 561 3121 ventis
571 3069 663 3122 staret
677 3081 768 3126 mure.

59 3145 182 3218 Qualem
205 3145 303 3204 fuisse
324 3146 435 3204 cultum
457 3152 546 3219 putas
562 3146 601 3204 ad
617 3144 677 3205 boe
692 3164 726 3207 se
742 3150 900 3223 specuium
916 3163 1036 3207 comen·

58 3229 152 3288 tiuml
179 3236 265 3288 aetas
285 3227 335 3286 ilia
357 3228 523 3303 simplicior
544 3235 573 3286 et
593 3230 724 3291 fortuitis
740 3239 881 3292 contenta
902 3231 1037 3292 nondum

58 3313 86 3372 in
107 3313 215 3373 vitium
235 3310 417 3371 beneficium
439 3312 641 3386 detorquebat
661 3330 718 3374 nec
739 3317 893 3373 inventum
913 3320 1037 3371 naturae

60 3397 87 3455 in
103 3397 263 3456 libidinem
278 3394 445 3469 luxumque
458 3395 606 3469 rapiebat.
628 3394 729 3457 Primo
746 3398 853 3455 faciem
869 3411 955 3454 suram
976 3391 1068 3450 cui-ft
