2346 3832
153 182 195 245 82
441 181 474 239 L.
496 179 642 238 ANNAEI
665 178 841 240 SENECAE

152 336 332 413 peregrinus
347 332 531 410 adparuisti:
554 348 614 393 non
637 339 685 393 est
699 331 771 391 mihi
786 348 852 392 cum
868 339 996 394 externo
1011 349 1111 394 connu

120 421 244 481 ibium.
279 419 385 479 eadem
405 433 456 476 res
476 432 525 476 me
546 416 681 477 defendit
702 432 780 490 quae
803 423 892 477 vetat.
928 418 1014 477 Tunc
1034 417 1124 477 iidem

152 504 268 575 fallam,
284 510 355 563 tunc
370 499 591 560 inconstantiae
607 501 719 560 crimen
731 499 866 571 audiam,
883 501 924 572 si,
941 516 1011 560 cum
1025 503 1124 560 omnia

152 587 261 647 eadem
284 586 345 645 sint
367 599 448 659 quae
469 589 555 642 erant
569 584 761 658 promittente
778 599 841 656 me,
865 600 925 644 non
942 585 1125 657 praestitero

152 670 353 745 promissum:
375 667 509 740 alioquin
531 667 677 742 quicquid
697 672 842 739 mutatur,
865 667 1034 726 libertatem
1058 667 1124 727 iacit

152 756 190 814 de
212 756 329 827 Integre
351 750 532 810 consulendi
555 758 584 812 et
597 765 646 809 me
661 749 722 808 fide
736 750 851 812 liberat.
885 749 1015 809 Promisi
1031 752 1123 811 advo·

152 838 316 897 sationem:
347 842 455 910 postea
481 833 621 907 adparuit
645 849 701 907 per
726 834 806 893 iiiam
829 848 953 894 causam
975 834 1126 909 praeindi-

152 922 231 979 cIum
252 919 281 977 in
302 927 418 994 patrem
432 933 532 977 meum
554 918 668 992 quaeri.
700 916 826 992 promisi
847 933 895 976 me
916 932 1047 992 peregre
1068 933 1124 978 une

152 1003 316 1061 exiturum:
345 1000 401 1061 sed
422 1001 478 1061 iter
497 1001 633 1061 infestari
648 999 811 1061 latrociniis
828 1001 989 1061 nunIIatur.
1018 999 1125 1060 iurem

153 1092 344 1160 praesentem
370 1093 516 1145 venturus
543 1085 599 1144 sui:
627 1085 682 1144 sed
708 1098 801 1158 aeger
821 1083 901 1143 fliius
922 1091 952 1143 et
972 1099 1123 1160 puerpera

118 1182 135 1236 3
151 1185 228 1228 uxor
242 1176 332 1229 tenet.
349 1167 456 1229 Omnia
470 1184 542 1228 esse
557 1167 676 1240 debent,
690 1182 769 1242 quae
782 1168 902 1227 fuerunt
917 1183 987 1227 cum
1002 1169 1123 1242 promit-

152 1263 260 1325 terem,
282 1260 314 1313 ut
335 1251 535 1327 promittentis
557 1251 648 1311 tidem
671 1257 787 1310 teneas.
820 1267 900 1325 quae
914 1258 1016 1311 autem
1032 1252 1126 1312 maior

150 1337 215 1396 fieri
230 1338 352 1396 mutatio
365 1342 483 1411 potest,
501 1351 591 1410 quam
607 1336 633 1394 si
648 1341 678 1394 te
693 1335 804 1393 maium
820 1333 916 1393 virum
932 1342 962 1394 et
977 1335 1124 1410 ingratum

152 1419 297 1495 conperit
327 1421 410 1495 quod
432 1427 585 1493 tamquam
608 1418 700 1492 digno
716 1417 841 1490 dabam,
865 1417 991 1491 indigno
1006 1419 1125 1492 negabo

151 1512 180 1563 et
194 1504 348 1562 irascendi
364 1517 488 1576 quoque
503 1516 627 1560 causam
640 1501 760 1561 habebo
779 1501 938 1574 deceptus.

122 1594 135 1641 1
213 1586 347 1644 XXXVI.
381 1585 543 1659 Inspiciam
568 1591 668 1643 tamen
694 1593 724 1645 et
750 1591 893 1658 quantum
920 1584 974 1657 sit,
1001 1585 1041 1643 de
1065 1598 1124 1660 quo

152 1671 266 1743 agitur:
293 1668 376 1727 dabit
399 1667 471 1726 mihi
492 1667 652 1728 consilium
674 1668 846 1742 promissae
869 1667 914 1726 rei
938 1667 1063 1727 modus.
1093 1666 1122 1726 Si

152 1753 296 1824 exiguum
316 1757 377 1825 est,
399 1751 494 1823 dabo,
516 1768 576 1811 non
599 1751 670 1826 quia
691 1751 800 1825 dignus
821 1766 870 1822 ee,
895 1750 951 1809 sed
967 1751 1040 1826 quio
1055 1764 1125 1827 pro·

152 1833 230 1894 misi.
254 1850 310 1894 nec
322 1841 475 1910 tamquam
486 1851 595 1895 munus
607 1834 703 1906 dabo,
719 1834 775 1894 sed
787 1835 882 1893 verba
896 1849 965 1893 mea
977 1833 1122 1894 redimam

152 1926 181 1977 et
199 1934 303 1978 aurem
317 1917 390 1978 mihi
411 1921 585 1993 pervellem.
617 1918 728 1977 damno
749 1915 907 1992 castigabo
922 1916 1125 1992 promittentis

150 2003 363 2062 terrreritatem=
380 2018 472 2075 „ecce
484 2010 517 2062 ut
531 2003 632 2061 doleat
645 2001 714 2075 tibi,
731 2009 764 2061 ut
777 2009 887 2076 postea
901 1999 1125 2061 consideratius

118 2101 134 2150 2
149 2087 294 2160 loquaris,
306 2087 404 2160 (quod
418 2085 520 2145 dicere
532 2087 690 2158 solemus)
702 2085 880 2159 linguarium
894 2085 1007 2144 dabo.“
1021 2083 1054 2144 Si
1065 2099 1123 2144 ma·

151 2170 199 2229 ius
212 2171 281 2241 erit,
298 2184 357 2227 non
372 2169 567 2240 committam,
584 2169 839 2245 quemadmodum
850 2167 1015 2228 Maecenas
1027 2169 1082 2245 ait,
1096 2171 1127 2227 at

150 2255 279 2311 sestertio
296 2254 403 2311 centies
418 2251 587 2325 ottarpatus
602 2254 665 2312 sim.
691 2252 768 2310 inter
785 2267 856 2312 sese
874 2251 954 2310 enim
965 2258 1126 2327 utrumque

152 2335 337 2409 conparabo.
367 2334 423 2394 Est
437 2335 563 2410 aliquid,
582 2335 613 2394 in
634 2352 672 2396 eo
688 2335 772 2409 quod
787 2333 965 2409 promiseris
982 2349 1125 2409 perseve

150 2434 227 2477 rare.
250 2425 297 2479 est
308 2434 415 2478 rursus
428 2420 550 2479 multum
565 2417 596 2478 in
608 2435 660 2493 eo,
672 2434 711 2477 ne
722 2418 847 2493 indigno
861 2417 1045 2478 beneficium
1061 2419 1124 2478 des.

150 2503 208 2562 hoc
224 2509 324 2562 tamen
341 2509 486 2578 quantum
501 2509 567 2562 estt
594 2503 719 2573 simne,
743 2502 969 2561 conniveamus
1004 2503 1031 2562 si
1052 2514 1125 2561 vero

150 2603 259 2662 magno
275 2587 348 2646 mibi
362 2593 415 2646 aut
434 2586 613 2646 detrimento
629 2593 681 2647 aut
697 2585 800 2645 rubori
816 2587 964 2659 futurum,
980 2587 1061 2645 malo
1077 2600 1122 2644 se·

149 2673 207 2729 met
224 2687 389 2743 excusare,
416 2685 511 2746 quare
531 2669 721 2744 negaverim,
748 2685 839 2742 quam
861 2683 1002 2742 semper,
1031 2681 1124 2743 quare

118 2770 134 2821 3
150 2755 295 2812 dederim.
318 2755 441 2826 Totum,
458 2754 595 2826 inquam,
611 2753 641 2812 in
657 2758 769 2825 coest,
787 2751 891 2826 quanti
905 2751 1052 2826 promissi
1067 2749 1123 2810 mei

148 2836 242 2895 verba
266 2843 421 2896 taxentur:
453 2854 514 2897 non
535 2843 649 2897 tantum
671 2835 754 2910 quod
775 2843 888 2895 temere
911 2835 1038 2908 promisi
1056 2834 1125 2895 reti·

148 2918 237 2989 nobo,
255 2919 311 2978 sed
327 2921 409 2993 quod
425 2936 485 2980 non
501 2927 584 2979 recte
599 2919 670 2979 dedi
683 2925 829 2993 repetam.
850 2919 977 2978 demens
992 2927 1057 2992 est,
1074 2916 1124 2992 qui

148 3003 239 3061 iidem
257 3009 393 3075 praestat
407 3004 512 3062 errori.
1134 3028 1137 3035 ·

120 3105 132 3155 1
210 3084 356 3143 XXXVII.
385 3085 543 3161 Phiiippus
559 3085 760 3146 Macedonum
780 3101 836 3145 rex
850 3084 985 3145 habebat
1001 3085 1123 3145 mititem

150 3169 380 3240 manufortem,
406 3170 491 3228 cuius
513 3170 542 3227 in
563 3170 666 3228 multis
682 3167 928 3244 expeditionibus
949 3170 1053 3229 utilem
1074 3183 1123 3227 ex-

150 3258 255 3323 pertus
282 3266 405 3327 operam
431 3252 562 3312 subinde
593 3269 632 3311 ex
657 3254 771 3327 praeda
795 3251 910 3328 aliquid
937 3251 980 3311 illi
1006 3249 1125 3312 virtutis

150 3348 245 3393 causa
266 3333 434 3394 donaverat
454 3344 485 3396 et
505 3335 657 3396 hominem
671 3335 787 3396 venatis
802 3336 920 3396 animae
937 3336 1057 3396 crebris
1074 3351 1122 3394 au·

149 3420 342 3477 etoramentis
365 3419 559 3480 accendebat.
592 3421 649 3480 Hic
669 3421 835 3495 naufragus
856 3421 886 3480 in
901 3419 1125 3494 possessiones
