<?xml version="1.0" encoding="UTF-8"?>
<!DOCTYPE html PUBLIC "-//W3C//DTD XHTML 1.0 Transitional//EN"
    "http://www.w3.org/TR/xhtml1/DTD/xhtml1-transitional.dtd">
<html xmlns="http://www.w3.org/1999/xhtml" xml:lang="en" lang="en">
 <head>
  <title>
</title>
<meta http-equiv="Content-Type" content="text/html;charset=utf-8" />
  <meta name='ocr-system' content='tesseract 3.04.00' />
  <meta name='ocr-capabilities' content='ocr_page ocr_carea ocr_par ocr_line ocrx_word'/>
</head>
<body>
  <div class='ocr_page' id='page_1' title='image "./lannaeisenecaeo01senegoog_0207.png"; bbox 0 0 2364 3840; ppageno 0'>
   <div class='ocr_carea' id='block_1_1' title="bbox 118 187 794 254">
    <p class='ocr_par' dir='ltr' id='par_1_1' title="bbox 118 187 794 254">
     <span class='ocr_line' id='line_1_1' title="bbox 118 187 794 254; baseline -0.012 0"><span class='ocrx_word' id='word_1_1' title='bbox 118 187 181 254; x_wconf 78' lang='lat'><strong>174</strong></span> <span class='ocrx_word' id='word_1_2' title='bbox 399 190 433 248; x_wconf 90' lang='lat' dir='ltr'><strong>L.</strong></span> <span class='ocrx_word' id='word_1_3' title='bbox 452 189 598 248; x_wconf 78' lang='lat' dir='ltr'><strong>ANNAEI</strong></span> <span class='ocrx_word' id='word_1_4' title='bbox 620 187 794 248; x_wconf 82' lang='lat' dir='ltr'><strong>SENECAE</strong></span> 
     </span>
    </p>
   </div>
   <div class='ocr_carea' id='block_1_2' title="bbox 83 339 1091 1579">
    <p class='ocr_par' dir='ltr' id='par_1_2' title="bbox 83 339 1091 1579">
     <span class='ocr_line' id='line_1_2' title="bbox 116 339 1091 416; baseline -0.004 -13"><span class='ocrx_word' id='word_1_5' title='bbox 116 349 231 403; x_wconf 87' lang='lat' dir='ltr'><strong>tantum</strong></span> <span class='ocrx_word' id='word_1_6' title='bbox 254 340 333 416; x_wconf 83' lang='lat' dir='ltr'><strong>parti</strong></span> <span class='ocrx_word' id='word_1_7' title='bbox 354 339 478 401; x_wconf 91' lang='lat' dir='ltr'><strong>nubium</strong></span> <span class='ocrx_word' id='word_1_8' title='bbox 499 340 682 410; x_wconf 80' lang='lat' dir='ltr'>adfunditur,</span> <span class='ocrx_word' id='word_1_9' title='bbox 710 354 875 413; x_wconf 77' lang='lat' dir='ltr'>numquam</span> <span class='ocrx_word' id='word_1_10' title='bbox 898 346 980 397; x_wconf 90' lang='lat' dir='ltr'><strong>terra</strong></span> <span class='ocrx_word' id='word_1_11' title='bbox 1007 347 1091 399; x_wconf 85' lang='lat' dir='ltr'><strong>tenus</strong></span> 
     </span>
     <span class='ocr_line' id='line_1_3' title="bbox 83 421 1091 498; baseline -0.002 -15"><span class='ocrx_word' id='word_1_12' title='bbox 83 429 101 483; x_wconf 78' lang='lat'>³</span> <span class='ocrx_word' id='word_1_13' title='bbox 117 426 286 486; x_wconf 90' lang='lat' dir='ltr'><strong>descendet</strong></span> <span class='ocrx_word' id='word_1_14' title='bbox 297 441 402 484; x_wconf 85' lang='lat' dir='ltr'><strong>arcus:</strong></span> <span class='ocrx_word' id='word_1_15' title='bbox 424 423 509 497; x_wconf 89' lang='lat' dir='ltr'><strong>utqui</strong></span> <span class='ocrx_word' id='word_1_16' title='bbox 521 438 621 498; x_wconf 91' lang='lat' dir='ltr'><strong>usque</strong></span> <span class='ocrx_word' id='word_1_17' title='bbox 633 425 662 483; x_wconf 94' lang='lat' dir='ltr'><strong>in</strong></span> <span class='ocrx_word' id='word_1_18' title='bbox 675 423 798 482; x_wconf 89' lang='lat' dir='ltr'><strong>humum</strong></span> <span class='ocrx_word' id='word_1_19' title='bbox 810 421 978 481; x_wconf 81' lang='lat' dir='ltr'><strong>dimittitur.</strong></span> <span class='ocrx_word' id='word_1_20' title='bbox 1006 422 1091 481; x_wconf 83' lang='lat' dir='ltr'><strong>Prae·</strong></span> 
     </span>
     <span class='ocr_line' id='line_1_4' title="bbox 115 503 1090 582; baseline -0.004 -13"><span class='ocrx_word' id='word_1_21' title='bbox 115 517 200 569; x_wconf 88' lang='lat' dir='ltr'><strong>terea</strong></span> <span class='ocrx_word' id='word_1_22' title='bbox 220 525 386 582; x_wconf 81' lang='lat' dir='ltr'><strong>numquam</strong></span> <span class='ocrx_word' id='word_1_23' title='bbox 401 524 461 566; x_wconf 92' lang='grc' dir='ltr'><strong>ηοη</strong></span> <span class='ocrx_word' id='word_1_24' title='bbox 477 514 582 566; x_wconf 85' lang='lat' dir='ltr'><strong>contra</strong></span> <span class='ocrx_word' id='word_1_25' title='bbox 597 509 693 567; x_wconf 83' lang='lat' dir='ltr'><strong>soienr</strong></span> <span class='ocrx_word' id='word_1_26' title='bbox 709 521 800 565; x_wconf 87' lang='lat' dir='ltr'><strong>arcus</strong></span> <span class='ocrx_word' id='word_1_27' title='bbox 816 512 871 564; x_wconf 90' lang='lat' dir='ltr'><strong>est.</strong></span> <span class='ocrx_word' id='word_1_28' title='bbox 903 503 979 564; x_wconf 89' lang='lat' dir='ltr'><strong>nihii</strong></span> <span class='ocrx_word' id='word_1_29' title='bbox 994 512 1090 565; x_wconf 89' lang='lat' dir='ltr'><strong>autem</strong></span> 
     </span>
     <span class='ocr_line' id='line_1_5' title="bbox 116 588 1090 666; baseline -0.005 -14"><span class='ocrx_word' id='word_1_30' title='bbox 116 593 157 652; x_wconf 87' lang='lat' dir='ltr'><strong>ad</strong></span> <span class='ocrx_word' id='word_1_31' title='bbox 171 608 234 651; x_wconf 92' lang='lat' dir='ltr'><strong>rem</strong></span> <span class='ocrx_word' id='word_1_32' title='bbox 248 592 393 666; x_wconf 86' lang='lat' dir='ltr'><strong>pertinet,</strong></span> <span class='ocrx_word' id='word_1_33' title='bbox 408 606 503 664; x_wconf 89' lang='lat' dir='ltr'><strong>supra</strong></span> <span class='ocrx_word' id='word_1_34' title='bbox 516 590 631 649; x_wconf 78' lang='lat' dir='ltr'><strong>infrave</strong></span> <span class='ocrx_word' id='word_1_35' title='bbox 644 588 697 662; x_wconf 92' lang='lat' dir='ltr'><strong>sit,</strong></span> <span class='ocrx_word' id='word_1_36' title='bbox 714 589 786 664; x_wconf 87' lang='lat' dir='ltr'><strong>quia</strong></span> <span class='ocrx_word' id='word_1_37' title='bbox 796 595 907 662; x_wconf 88' lang='lat' dir='ltr'><strong>totum,</strong></span> <span class='ocrx_word' id='word_1_38' title='bbox 923 589 1008 663; x_wconf 90' lang='lat' dir='ltr'><strong>quod</strong></span> <span class='ocrx_word' id='word_1_39' title='bbox 1022 605 1090 648; x_wconf 89' lang='lat' dir='ltr'><strong>con·</strong></span> 
     </span>
     <span class='ocr_line' id='line_1_6' title="bbox 117 671 1090 748; baseline -0.005 -12"><span class='ocrx_word' id='word_1_40' title='bbox 117 685 162 736; x_wconf 84' lang='lat' dir='ltr'><strong>tra</strong></span> <span class='ocrx_word' id='word_1_41' title='bbox 177 682 239 748; x_wconf 87' lang='lat' dir='ltr'><strong>est,</strong></span> <span class='ocrx_word' id='word_1_42' title='bbox 256 677 336 734; x_wconf 89' lang='lat' dir='ltr'><strong>tatus</strong></span> <span class='ocrx_word' id='word_1_43' title='bbox 351 675 537 732; x_wconf 89' lang='lat' dir='ltr'><strong>verberatur.</strong></span> <span class='ocrx_word' id='word_1_44' title='bbox 574 673 689 734; x_wconf 84' lang='lat' dir='ltr'><strong>Deinde</strong></span> <span class='ocrx_word' id='word_1_45' title='bbox 704 671 868 746; x_wconf 87' lang='lat' dir='ltr'><strong>aliquando</strong></span> <span class='ocrx_word' id='word_1_46' title='bbox 883 686 989 731; x_wconf 90' lang='lat' dir='ltr'><strong>arcum</strong></span> <span class='ocrx_word' id='word_1_47' title='bbox 1002 679 1033 732; x_wconf 89' lang='lat' dir='ltr'><strong>et</strong></span> <span class='ocrx_word' id='word_1_48' title='bbox 1044 688 1090 731; x_wconf 91' lang='lat' dir='ltr'><strong>oc·</strong></span> 
     </span>
     <span class='ocr_line' id='line_1_7' title="bbox 117 754 1090 830; baseline -0.005 -12"><span class='ocrx_word' id='word_1_49' title='bbox 117 761 224 818; x_wconf 87' lang='lat' dir='ltr'><strong>cidens</strong></span> <span class='ocrx_word' id='word_1_50' title='bbox 241 757 321 817; x_wconf 84' lang='lat' dir='ltr'><strong>iacit.</strong></span> <span class='ocrx_word' id='word_1_51' title='bbox 351 764 422 816; x_wconf 90' lang='lat' dir='ltr'><strong>tunc</strong></span> <span class='ocrx_word' id='word_1_52' title='bbox 438 764 519 816; x_wconf 89' lang='lat' dir='ltr'><strong>certe</strong></span> <span class='ocrx_word' id='word_1_53' title='bbox 535 772 573 814; x_wconf 85' lang='lat' dir='ltr'><strong>ex</strong></span> <span class='ocrx_word' id='word_1_54' title='bbox 588 754 723 816; x_wconf 81' lang='lat' dir='ltr'><strong>inferiori</strong></span> <span class='ocrx_word' id='word_1_55' title='bbox 737 764 823 830; x_wconf 86' lang='lat' dir='ltr'><strong>parte</strong></span> <span class='ocrx_word' id='word_1_56' title='bbox 837 755 936 814; x_wconf 88' lang='lat' dir='ltr'><strong>nubes</strong></span> <span class='ocrx_word' id='word_1_57' title='bbox 953 756 1023 814; x_wconf 87' lang='lat' dir='ltr'><strong>ierit</strong></span> <span class='ocrx_word' id='word_1_58' title='bbox 1036 762 1090 815; x_wconf 92' lang='lat' dir='ltr'><strong>ter·</strong></span> 
     </span>
     <span class='ocr_line' id='line_1_8' title="bbox 117 838 1088 916; baseline -0.005 -15"><span class='ocrx_word' id='word_1_59' title='bbox 117 844 160 901; x_wconf 92' lang='lat' dir='ltr'><strong>ris</strong></span> <span class='ocrx_word' id='word_1_60' title='bbox 182 842 390 916; x_wconf 84' lang='lat' dir='ltr'><strong>propinquus:</strong></span> <span class='ocrx_word' id='word_1_61' title='bbox 412 838 495 913; x_wconf 87' lang='lat' dir='ltr'><strong>atqui</strong></span> <span class='ocrx_word' id='word_1_62' title='bbox 510 847 539 898; x_wconf 93' lang='lat' dir='ltr'><strong>et</strong></span> <span class='ocrx_word' id='word_1_63' title='bbox 557 847 626 899; x_wconf 90' lang='lat' dir='ltr'><strong>tunc</strong></span> <span class='ocrx_word' id='word_1_64' title='bbox 641 839 765 899; x_wconf 89' lang='lat' dir='ltr'><strong>dimidia</strong></span> <span class='ocrx_word' id='word_1_65' title='bbox 781 854 852 913; x_wconf 87' lang='lat' dir='ltr'><strong>pars</strong></span> <span class='ocrx_word' id='word_1_66' title='bbox 867 845 929 911; x_wconf 88' lang='lat' dir='ltr'><strong>est,</strong></span> <span class='ocrx_word' id='word_1_67' title='bbox 954 839 1088 913; x_wconf 86' lang='lat' dir='ltr'><strong>quamvis</strong></span> 
     </span>
     <span class='ocr_line' id='line_1_9' title="bbox 85 921 1089 997; baseline -0.006 -12"><span class='ocrx_word' id='word_1_68' title='bbox 85 925 214 986; x_wconf 74' lang='lat' dir='ltr'><strong>isolem</strong></span> <span class='ocrx_word' id='word_1_69' title='bbox 236 923 334 983; x_wconf 93' lang='lat' dir='ltr'><strong>nubes</strong></span> <span class='ocrx_word' id='word_1_70' title='bbox 350 938 389 981; x_wconf 89' lang='lat' dir='ltr'><strong>ex</strong></span> <span class='ocrx_word' id='word_1_71' title='bbox 405 922 508 981; x_wconf 91' lang='lat' dir='ltr'><strong>humili</strong></span> <span class='ocrx_word' id='word_1_72' title='bbox 523 930 553 981; x_wconf 95' lang='lat' dir='ltr'><strong>et</strong></span> <span class='ocrx_word' id='word_1_73' title='bbox 567 923 692 983; x_wconf 92' lang='lat' dir='ltr'><strong>sordido</strong></span> <span class='ocrx_word' id='word_1_74' title='bbox 708 921 868 996; x_wconf 91' lang='lat' dir='ltr'><strong>accipiant.</strong></span> <span class='ocrx_word' id='word_1_75' title='bbox 903 921 1022 994; x_wconf 88' lang='lat' dir='ltr'><strong>Nostri,</strong></span> <span class='ocrx_word' id='word_1_76' title='bbox 1044 921 1089 997; x_wconf 89' lang='lat' dir='ltr'><strong>qui</strong></span> 
     </span>
     <span class='ocr_line' id='line_1_10' title="bbox 118 1005 1087 1080; baseline -0.004 -14"><span class='ocrx_word' id='word_1_77' title='bbox 118 1007 213 1066; x_wconf 90' lang='lat' dir='ltr'><strong>sicin</strong></span> <span class='ocrx_word' id='word_1_78' title='bbox 236 1006 329 1078; x_wconf 93' lang='lat' dir='ltr'><strong>nube,</strong></span> <span class='ocrx_word' id='word_1_79' title='bbox 360 1005 515 1080; x_wconf 90' lang='lat' dir='ltr'><strong>quomodo</strong></span> <span class='ocrx_word' id='word_1_80' title='bbox 538 1007 567 1064; x_wconf 93' lang='lat' dir='ltr'><strong>in</strong></span> <span class='ocrx_word' id='word_1_81' title='bbox 589 1006 715 1080; x_wconf 90' lang='lat' dir='ltr'><strong>speculo</strong></span> <span class='ocrx_word' id='word_1_82' title='bbox 740 1006 840 1064; x_wconf 90' lang='lat' dir='ltr'><strong>lumen</strong></span> <span class='ocrx_word' id='word_1_83' title='bbox 864 1005 974 1065; x_wconf 86' lang='lat' dir='ltr'><strong>volunt</strong></span> <span class='ocrx_word' id='word_1_84' title='bbox 997 1005 1087 1077; x_wconf 90' lang='lat' dir='ltr'><strong>reddi,</strong></span> 
     </span>
     <span class='ocr_line' id='line_1_11' title="bbox 117 1089 1087 1163; baseline -0.003 -15"><span class='ocrx_word' id='word_1_85' title='bbox 117 1089 229 1149; x_wconf 90' lang='lat' dir='ltr'><strong>nubem</strong></span> <span class='ocrx_word' id='word_1_86' title='bbox 252 1105 357 1148; x_wconf 88' lang='lat' dir='ltr'><strong>cavam</strong></span> <span class='ocrx_word' id='word_1_87' title='bbox 381 1090 493 1149; x_wconf 87' lang='lat' dir='ltr'><strong>iaciunt</strong></span> <span class='ocrx_word' id='word_1_88' title='bbox 513 1097 542 1149; x_wconf 93' lang='lat' dir='ltr'><strong>et</strong></span> <span class='ocrx_word' id='word_1_89' title='bbox 562 1096 665 1149; x_wconf 89' lang='lat' dir='ltr'><strong>sectae</strong></span> <span class='ocrx_word' id='word_1_90' title='bbox 681 1090 762 1163; x_wconf 91' lang='lat' dir='ltr'><strong>pilae</strong></span> <span class='ocrx_word' id='word_1_91' title='bbox 779 1095 911 1162; x_wconf 88' lang='lat' dir='ltr'><strong>partem,</strong></span> <span class='ocrx_word' id='word_1_92' title='bbox 936 1105 1019 1162; x_wconf 90' lang='lat' dir='ltr'><strong>quae</strong></span> <span class='ocrx_word' id='word_1_93' title='bbox 1033 1103 1087 1148; x_wconf 92' lang='lat' dir='ltr'><strong>non</strong></span> 
     </span>
     <span class='ocr_line' id='line_1_12' title="bbox 119 1170 1086 1247; baseline -0.003 -16"><span class='ocrx_word' id='word_1_94' title='bbox 119 1180 221 1247; x_wconf 90' lang='lat' dir='ltr'><strong>potest</strong></span> <span class='ocrx_word' id='word_1_95' title='bbox 242 1179 337 1233; x_wconf 86' lang='lat' dir='ltr'><strong>totum</strong></span> <span class='ocrx_word' id='word_1_96' title='bbox 359 1173 463 1233; x_wconf 93' lang='lat' dir='ltr'><strong>orbem</strong></span> <span class='ocrx_word' id='word_1_97' title='bbox 483 1173 629 1245; x_wconf 89' lang='lat' dir='ltr'><strong>reddere,</strong></span> <span class='ocrx_word' id='word_1_98' title='bbox 657 1170 729 1246; x_wconf 89' lang='lat' dir='ltr'><strong>quia</strong></span> <span class='ocrx_word' id='word_1_99' title='bbox 750 1171 819 1245; x_wconf 88' lang='lat' dir='ltr'><strong>ipsa</strong></span> <span class='ocrx_word' id='word_1_100' title='bbox 840 1187 913 1245; x_wconf 88' lang='lat' dir='ltr'><strong>pars</strong></span> <span class='ocrx_word' id='word_1_101' title='bbox 935 1171 1023 1232; x_wconf 90' lang='lat' dir='ltr'><strong>orbis</strong></span> <span class='ocrx_word' id='word_1_102' title='bbox 1037 1178 1086 1232; x_wconf 88' lang='lat' dir='ltr'><strong>est</strong></span> 
     </span>
     <span class='ocr_line' id='line_1_13' title="bbox 117 1255 1085 1331; baseline -0.003 -16"><span class='ocrx_word' id='word_1_103' title='bbox 117 1257 281 1331; x_wconf 89' lang='lat' dir='ltr'><strong>Proposito</strong></span> <span class='ocrx_word' id='word_1_104' title='bbox 303 1258 434 1327; x_wconf 89' lang='lat' dir='ltr'><strong>accedo,</strong></span> <span class='ocrx_word' id='word_1_105' title='bbox 459 1263 635 1330; x_wconf 83' lang='lat' dir='ltr'><strong>argumento</strong></span> <span class='ocrx_word' id='word_1_106' title='bbox 656 1272 718 1316; x_wconf 94' lang='lat' dir='ltr'><strong>non</strong></span> <span class='ocrx_word' id='word_1_107' title='bbox 734 1256 903 1314; x_wconf 90' lang='lat' dir='ltr'><strong>consentio.</strong></span> <span class='ocrx_word' id='word_1_108' title='bbox 932 1271 1006 1315; x_wconf 87' lang='lat' dir='ltr'><strong>nam</strong></span> <span class='ocrx_word' id='word_1_109' title='bbox 1021 1255 1085 1314; x_wconf 90' lang='lat' dir='ltr'><strong>siin</strong></span> 
     </span>
     <span class='ocr_line' id='line_1_14' title="bbox 119 1337 1087 1415; baseline -0.003 -16"><span class='ocrx_word' id='word_1_110' title='bbox 119 1356 256 1402; x_wconf 89' lang='lat' dir='ltr'><strong>concavo</strong></span> <span class='ocrx_word' id='word_1_111' title='bbox 278 1343 405 1415; x_wconf 87' lang='lat' dir='ltr'><strong>specuio</strong></span> <span class='ocrx_word' id='word_1_112' title='bbox 420 1345 483 1398; x_wconf 89' lang='lat' dir='ltr'><strong>tota</strong></span> <span class='ocrx_word' id='word_1_113' title='bbox 500 1340 594 1398; x_wconf 84' lang='lat' dir='ltr'><strong>iacies</strong></span> <span class='ocrx_word' id='word_1_114' title='bbox 609 1338 744 1413; x_wconf 90' lang='lat' dir='ltr'><strong>oppositi</strong></span> <span class='ocrx_word' id='word_1_115' title='bbox 758 1337 841 1398; x_wconf 89' lang='lat' dir='ltr'><strong>orbis</strong></span> <span class='ocrx_word' id='word_1_116' title='bbox 854 1338 1042 1412; x_wconf 87' lang='lat' dir='ltr'><strong>exprimitur,</strong></span> <span class='ocrx_word' id='word_1_117' title='bbox 1063 1344 1087 1397; x_wconf 91' lang='lat' dir='ltr'><strong>et</strong></span> 
     </span>
     <span class='ocr_line' id='line_1_15' title="bbox 85 1420 1085 1496; baseline -0.004 -12"><span class='ocrx_word' id='word_1_118' title='bbox 85 1440 102 1492; x_wconf 83' lang='lat'><strong>5</strong></span> <span class='ocrx_word' id='word_1_119' title='bbox 117 1425 148 1484; x_wconf 94' lang='lat' dir='ltr'><strong>in</strong></span> <span class='ocrx_word' id='word_1_120' title='bbox 167 1424 319 1484; x_wconf 87' lang='lat' dir='ltr'><strong>semiorbe</strong></span> <span class='ocrx_word' id='word_1_121' title='bbox 337 1423 409 1481; x_wconf 89' lang='lat' dir='ltr'><strong>nihii</strong></span> <span class='ocrx_word' id='word_1_122' title='bbox 428 1420 566 1496; x_wconf 90' lang='lat' dir='ltr'><strong>prohibet</strong></span> <span class='ocrx_word' id='word_1_123' title='bbox 582 1429 675 1482; x_wconf 87' lang='lat' dir='ltr'><strong>totam</strong></span> <span class='ocrx_word' id='word_1_124' title='bbox 692 1420 812 1496; x_wconf 88' lang='lat' dir='ltr'><strong>adspici</strong></span> <span class='ocrx_word' id='word_1_125' title='bbox 823 1422 924 1496; x_wconf 89' lang='lat' dir='ltr'><strong>pilam.</strong></span> <span class='ocrx_word' id='word_1_126' title='bbox 963 1422 1085 1495; x_wconf 87' lang='lat' dir='ltr'><strong>„Etiam-</strong></span> 
     </span>
     <span class='ocr_line' id='line_1_16' title="bbox 118 1504 1085 1579; baseline -0.002 -13"><span class='ocrx_word' id='word_1_127' title='bbox 118 1523 198 1567; x_wconf 84' lang='lat' dir='ltr'><strong>nunc</strong></span> <span class='ocrx_word' id='word_1_128' title='bbox 214 1507 346 1566; x_wconf 86' lang='lat' dir='ltr'><strong>diximus</strong></span> <span class='ocrx_word' id='word_1_129' title='bbox 362 1506 494 1564; x_wconf 90' lang='lat' dir='ltr'><strong>circulos</strong></span> <span class='ocrx_word' id='word_1_130' title='bbox 509 1505 658 1579; x_wconf 85' lang='lat' dir='ltr'><strong>adparere</strong></span> <span class='ocrx_word' id='word_1_131' title='bbox 673 1506 731 1565; x_wconf 90' lang='lat' dir='ltr'><strong>soli</strong></span> <span class='ocrx_word' id='word_1_132' title='bbox 746 1505 898 1579; x_wconf 87' lang='lat' dir='ltr'><strong>lunaeque</strong></span> <span class='ocrx_word' id='word_1_133' title='bbox 912 1505 943 1563; x_wconf 92' lang='lat' dir='ltr'><strong>in</strong></span> <span class='ocrx_word' id='word_1_134' title='bbox 956 1504 1085 1565; x_wconf 82' lang='lat' dir='ltr'><strong>similitu·</strong></span> 
     </span>
    </p>
   </div>
   <div class='ocr_carea' id='block_1_3' title="bbox 85 1585 1087 1919">
    <p class='ocr_par' dir='ltr' id='par_1_3' title="bbox 85 1585 1087 1919">
     <span class='ocr_line' id='line_1_17' title="bbox 118 1585 1087 1663; baseline -0.004 -14"><span class='ocrx_word' id='word_1_135' title='bbox 118 1592 218 1650; x_wconf 91' lang='lat' dir='ltr'><strong>dinem</strong></span> <span class='ocrx_word' id='word_1_136' title='bbox 234 1606 323 1648; x_wconf 90' lang='lat' dir='ltr'><strong>arcus</strong></span> <span class='ocrx_word' id='word_1_137' title='bbox 339 1588 557 1648; x_wconf 87' lang='lat' dir='ltr'><strong>circumdatos:</strong></span> <span class='ocrx_word' id='word_1_138' title='bbox 581 1605 675 1663; x_wconf 89' lang='lat' dir='ltr'><strong>quare</strong></span> <span class='ocrx_word' id='word_1_139' title='bbox 689 1589 739 1647; x_wconf 92' lang='lat' dir='ltr'><strong>ilie</strong></span> <span class='ocrx_word' id='word_1_140' title='bbox 754 1588 886 1647; x_wconf 90' lang='lat' dir='ltr'><strong>circulus</strong></span> <span class='ocrx_word' id='word_1_141' title='bbox 902 1585 1044 1662; x_wconf 79' lang='lat' dir='ltr'><strong>iungitur,</strong></span> <span class='ocrx_word' id='word_1_142' title='bbox 1061 1595 1087 1646; x_wconf 91' lang='lat' dir='ltr'><strong>et</strong></span> 
     </span>
     <span class='ocr_line' id='line_1_18' title="bbox 116 1671 1085 1747; baseline -0.004 -15"><span class='ocrx_word' id='word_1_143' title='bbox 116 1673 146 1732; x_wconf 94' lang='lat' dir='ltr'><strong>in</strong></span> <span class='ocrx_word' id='word_1_144' title='bbox 163 1689 237 1732; x_wconf 90' lang='lat' dir='ltr'><strong>arcu</strong></span> <span class='ocrx_word' id='word_1_145' title='bbox 252 1677 438 1747; x_wconf 71' lang='lat' dir='ltr'><strong>numquam?</strong></span> <span class='ocrx_word' id='word_1_146' title='bbox 460 1671 570 1731; x_wconf 91' lang='lat' dir='ltr'><strong>deinde</strong></span> <span class='ocrx_word' id='word_1_147' title='bbox 586 1687 681 1746; x_wconf 89' lang='lat' dir='ltr'><strong>quare</strong></span> <span class='ocrx_word' id='word_1_148' title='bbox 692 1687 814 1745; x_wconf 90' lang='lat' dir='ltr'><strong>semper</strong></span> <span class='ocrx_word' id='word_1_149' title='bbox 825 1686 983 1731; x_wconf 90' lang='lat' dir='ltr'><strong>concavae</strong></span> <span class='ocrx_word' id='word_1_150' title='bbox 995 1671 1085 1731; x_wconf 90' lang='lat' dir='ltr'><strong>nubes</strong></span> 
     </span>
     <span class='ocr_line' id='line_1_19' title="bbox 117 1751 1086 1830; baseline -0.002 -15"><span class='ocrx_word' id='word_1_151' title='bbox 117 1758 214 1815; x_wconf 88' lang='lat' dir='ltr'><strong>sotem</strong></span> <span class='ocrx_word' id='word_1_152' title='bbox 230 1756 397 1829; x_wconf 89' lang='lat' dir='ltr'><strong>accipiunt,</strong></span> <span class='ocrx_word' id='word_1_153' title='bbox 413 1771 473 1814; x_wconf 92' lang='lat' dir='ltr'><strong>non</strong></span> <span class='ocrx_word' id='word_1_154' title='bbox 487 1755 652 1830; x_wconf 80' lang='lat' dir='ltr'><strong>aliquando</strong></span> <span class='ocrx_word' id='word_1_155' title='bbox 666 1757 775 1829; x_wconf 87' lang='lat' dir='ltr'><strong>planae</strong></span> <span class='ocrx_word' id='word_1_156' title='bbox 786 1760 817 1813; x_wconf 93' lang='lat' dir='ltr'><strong>et</strong></span> <span class='ocrx_word' id='word_1_157' title='bbox 827 1761 978 1815; x_wconf 81' lang='lat' dir='ltr'><strong>tumentes</strong></span> <span class='ocrx_word' id='word_1_158' title='bbox 985 1751 1086 1813; x_wconf 54' lang='grc' dir='ltr'><strong>ΨΜ*</strong></span> 
     </span>
     <span class='ocr_line' id='line_1_20' title="bbox 85 1836 1087 1919; baseline -0.008 -17"><span class='ocrx_word' id='word_1_159' title='bbox 85 1847 102 1902; x_wconf 90' lang='grc'>6</span> <span class='ocrx_word' id='word_1_160' title='bbox 179 1839 361 1900; x_wconf 83' lang='lat' dir='ltr'><strong>Aristoteles</strong></span> <span class='ocrx_word' id='word_1_161' title='bbox 385 1840 426 1898; x_wconf 87' lang='lat' dir='ltr'><strong>ait</strong></span> <span class='ocrx_word' id='word_1_162' title='bbox 443 1840 701 1919; x_wconf 25' lang='lat' dir='ltr'><strong>post-autumnale</strong></span> <span class='ocrx_word' id='word_1_163' title='bbox 715 1837 942 1912; x_wconf 85' lang='lat' dir='ltr'><strong>aequinoctium</strong></span> <span class='ocrx_word' id='word_1_164' title='bbox 959 1836 1087 1913; x_wconf 90' lang='lat' dir='ltr'><strong>qualibet</strong></span> 
     </span>
    </p>
   </div>
   <div class='ocr_carea' id='block_1_4' title="bbox 20 1920 1088 3494">
    <p class='ocr_par' dir='ltr' id='par_1_4' title="bbox 83 1920 1088 2413">
     <span class='ocr_line' id='line_1_21' title="bbox 116 1920 1086 1997; baseline -0.004 -16"><span class='ocrx_word' id='word_1_165' title='bbox 116 1923 193 1983; x_wconf 89' lang='lat' dir='ltr'><strong>hora</strong></span> <span class='ocrx_word' id='word_1_166' title='bbox 209 1922 270 1982; x_wconf 92' lang='lat' dir='ltr'><strong>diei</strong></span> <span class='ocrx_word' id='word_1_167' title='bbox 285 1938 388 1983; x_wconf 90' lang='lat' dir='ltr'><strong>arcum</strong></span> <span class='ocrx_word' id='word_1_168' title='bbox 402 1923 483 1994; x_wconf 89' lang='lat' dir='ltr'><strong>fieri,</strong></span> <span class='ocrx_word' id='word_1_169' title='bbox 501 1929 617 1982; x_wconf 88' lang='lat' dir='ltr'><strong>aestate</strong></span> <span class='ocrx_word' id='word_1_170' title='bbox 631 1938 691 1981; x_wconf 90' lang='grc' dir='ltr'><strong>ηοη</strong></span> <span class='ocrx_word' id='word_1_171' title='bbox 707 1920 774 1981; x_wconf 88' lang='lat' dir='ltr'><strong>fieri</strong></span> <span class='ocrx_word' id='word_1_172' title='bbox 788 1920 847 1981; x_wconf 89' lang='lat' dir='ltr'><strong>nisi</strong></span> <span class='ocrx_word' id='word_1_173' title='bbox 862 1928 913 1982; x_wconf 89' lang='lat' dir='ltr'><strong>aut</strong></span> <span class='ocrx_word' id='word_1_174' title='bbox 927 1922 1086 1997; x_wconf 89' lang='lat' dir='ltr'><strong>incipiente</strong></span> 
     </span>
     <span class='ocr_line' id='line_1_22' title="bbox 116 2003 1084 2080; baseline -0.005 -14"><span class='ocrx_word' id='word_1_175' title='bbox 116 2013 169 2067; x_wconf 92' lang='lat' dir='ltr'><strong>aut</strong></span> <span class='ocrx_word' id='word_1_176' title='bbox 183 2007 326 2067; x_wconf 90' lang='lat' dir='ltr'><strong>inclinato</strong></span> <span class='ocrx_word' id='word_1_177' title='bbox 341 2007 399 2067; x_wconf 90' lang='lat' dir='ltr'><strong>die.</strong></span> <span class='ocrx_word' id='word_1_178' title='bbox 424 2008 510 2065; x_wconf 90' lang='lat' dir='ltr'><strong>cuius</strong></span> <span class='ocrx_word' id='word_1_179' title='bbox 526 2007 570 2064; x_wconf 86' lang='lat' dir='ltr'><strong>rei</strong></span> <span class='ocrx_word' id='word_1_180' title='bbox 585 2021 679 2065; x_wconf 89' lang='lat' dir='ltr'><strong>causa</strong></span> <span class='ocrx_word' id='word_1_181' title='bbox 691 2003 852 2064; x_wconf 81' lang='lat' dir='ltr'><strong>manifesta</strong></span> <span class='ocrx_word' id='word_1_182' title='bbox 863 2011 926 2066; x_wconf 81' lang='lat' dir='ltr'><strong>est=</strong></span> <span class='ocrx_word' id='word_1_183' title='bbox 950 2006 1084 2080; x_wconf 87' lang='lat' dir='ltr'><strong>primum,</strong></span> 
     </span>
     <span class='ocr_line' id='line_1_23' title="bbox 117 2088 1086 2164; baseline -0.004 -15"><span class='ocrx_word' id='word_1_184' title='bbox 117 2092 189 2164; x_wconf 92' lang='lat' dir='ltr'><strong>quia</strong></span> <span class='ocrx_word' id='word_1_185' title='bbox 203 2089 304 2149; x_wconf 89' lang='lat' dir='ltr'><strong>media</strong></span> <span class='ocrx_word' id='word_1_186' title='bbox 320 2091 379 2149; x_wconf 94' lang='lat' dir='ltr'><strong>diei</strong></span> <span class='ocrx_word' id='word_1_187' title='bbox 396 2096 481 2163; x_wconf 89' lang='lat' dir='ltr'><strong>parte</strong></span> <span class='ocrx_word' id='word_1_188' title='bbox 497 2090 544 2149; x_wconf 92' lang='lat' dir='ltr'><strong>soi</strong></span> <span class='ocrx_word' id='word_1_189' title='bbox 559 2089 764 2149; x_wconf 85' lang='lat' dir='ltr'><strong>calidissimus</strong></span> <span class='ocrx_word' id='word_1_190' title='bbox 779 2089 876 2148; x_wconf 90' lang='lat' dir='ltr'><strong>nubes</strong></span> <span class='ocrx_word' id='word_1_191' title='bbox 891 2088 1015 2159; x_wconf 87' lang='lat' dir='ltr'><strong>evincit,</strong></span> <span class='ocrx_word' id='word_1_192' title='bbox 1033 2097 1086 2146; x_wconf 81' lang='lat' dir='ltr'><strong>nee</strong></span> 
     </span>
     <span class='ocr_line' id='line_1_24' title="bbox 116 2171 1088 2248; baseline -0.003 -17"><span class='ocrx_word' id='word_1_193' title='bbox 116 2178 218 2248; x_wconf 89' lang='lat' dir='ltr'><strong>potest</strong></span> <span class='ocrx_word' id='word_1_194' title='bbox 238 2173 398 2245; x_wconf 79' lang='lat' dir='ltr'><strong>imaginem</strong></span> <span class='ocrx_word' id='word_1_195' title='bbox 419 2187 505 2230; x_wconf 91' lang='lat' dir='ltr'><strong>suam</strong></span> <span class='ocrx_word' id='word_1_196' title='bbox 522 2171 560 2230; x_wconf 92' lang='lat' dir='ltr'><strong>ab</strong></span> <span class='ocrx_word' id='word_1_197' title='bbox 574 2171 622 2230; x_wconf 91' lang='lat' dir='ltr'><strong>his</strong></span> <span class='ocrx_word' id='word_1_198' title='bbox 637 2173 790 2246; x_wconf 88' lang='lat' dir='ltr'><strong>recipere,</strong></span> <span class='ocrx_word' id='word_1_199' title='bbox 814 2187 892 2246; x_wconf 86' lang='lat' dir='ltr'><strong>quas</strong></span> <span class='ocrx_word' id='word_1_200' title='bbox 907 2172 1030 2232; x_wconf 87' lang='lat' dir='ltr'><strong>scindit.</strong></span> <span class='ocrx_word' id='word_1_201' title='bbox 1060 2176 1088 2229; x_wconf 91' lang='lat' dir='ltr'><strong>at</strong></span> 
     </span>
     <span class='ocr_line' id='line_1_25' title="bbox 115 2255 1086 2328; baseline 0 -15"><span class='ocrx_word' id='word_1_202' title='bbox 115 2256 260 2313; x_wconf 84' lang='lat' dir='ltr'><strong>matutino</strong></span> <span class='ocrx_word' id='word_1_203' title='bbox 280 2261 417 2328; x_wconf 91' lang='lat' dir='ltr'><strong>tempore</strong></span> <span class='ocrx_word' id='word_1_204' title='bbox 440 2261 492 2313; x_wconf 93' lang='lat' dir='ltr'><strong>aut</strong></span> <span class='ocrx_word' id='word_1_205' title='bbox 511 2269 641 2328; x_wconf 81' lang='lat' dir='ltr'><strong>vergens</strong></span> <span class='ocrx_word' id='word_1_206' title='bbox 660 2256 690 2314; x_wconf 93' lang='lat' dir='ltr'><strong>in</strong></span> <span class='ocrx_word' id='word_1_207' title='bbox 708 2270 851 2316; x_wconf 90' lang='lat' dir='ltr'><strong>occasum</strong></span> <span class='ocrx_word' id='word_1_208' title='bbox 866 2255 967 2316; x_wconf 90' lang='lat' dir='ltr'><strong>minus</strong></span> <span class='ocrx_word' id='word_1_209' title='bbox 983 2255 1086 2314; x_wconf 81' lang='lat' dir='ltr'><strong>uirium</strong></span> 
     </span>
     <span class='ocr_line' id='line_1_26' title="bbox 83 2337 1085 2413; baseline -0.005 -12"><span class='ocrx_word' id='word_1_210' title='bbox 83 2338 220 2407; x_wconf 74' lang='lat' dir='ltr'><strong>thabet,</strong></span> <span class='ocrx_word' id='word_1_211' title='bbox 238 2337 307 2398; x_wconf 92' lang='lat' dir='ltr'><strong>ideo</strong></span> <span class='ocrx_word' id='word_1_212' title='bbox 329 2353 347 2396; x_wconf 93' lang='lat' dir='ltr'><strong>a</strong></span> <span class='ocrx_word' id='word_1_213' title='bbox 369 2337 500 2397; x_wconf 93' lang='lat' dir='ltr'><strong>nubibus</strong></span> <span class='ocrx_word' id='word_1_214' title='bbox 517 2337 659 2398; x_wconf 92' lang='lat' dir='ltr'><strong>sustineri</strong></span> <span class='ocrx_word' id='word_1_215' title='bbox 674 2344 704 2397; x_wconf 92' lang='lat' dir='ltr'><strong>et</strong></span> <span class='ocrx_word' id='word_1_216' title='bbox 717 2337 870 2412; x_wconf 86' lang='lat' dir='ltr'><strong>repercuti</strong></span> <span class='ocrx_word' id='word_1_217' title='bbox 885 2346 998 2413; x_wconf 90' lang='lat' dir='ltr'><strong>potest.</strong></span> <span class='ocrx_word' id='word_1_218' title='bbox 1033 2339 1085 2398; x_wconf 89' lang='lat' dir='ltr'><strong>De·</strong></span> 
     </span>
    </p>

    <p class='ocr_par' dir='ltr' id='par_1_5' title="bbox 20 2420 1088 3066">
     <span class='ocr_line' id='line_1_27' title="bbox 20 2420 1086 2492; baseline -0.002 -12"><span class='ocrx_word' id='word_1_219' title='bbox 20 2446 23 2451; x_wconf 94' lang='lat'><strong>·</strong></span> <span class='ocrx_word' id='word_1_220' title='bbox 114 2421 186 2480; x_wconf 93' lang='lat' dir='ltr'><strong>inde</strong></span> <span class='ocrx_word' id='word_1_221' title='bbox 210 2437 277 2481; x_wconf 91' lang='lat' dir='ltr'><strong>cum</strong></span> <span class='ocrx_word' id='word_1_222' title='bbox 300 2437 402 2480; x_wconf 89' lang='lat' dir='ltr'><strong>arcum</strong></span> <span class='ocrx_word' id='word_1_223' title='bbox 426 2422 526 2480; x_wconf 83' lang='lat' dir='ltr'><strong>iacere</strong></span> <span class='ocrx_word' id='word_1_224' title='bbox 546 2439 607 2482; x_wconf 95' lang='lat' dir='ltr'><strong>non</strong></span> <span class='ocrx_word' id='word_1_225' title='bbox 623 2423 721 2482; x_wconf 90' lang='lat' dir='ltr'><strong>soleat</strong></span> <span class='ocrx_word' id='word_1_226' title='bbox 736 2420 794 2481; x_wconf 91' lang='lat' dir='ltr'><strong>nisi</strong></span> <span class='ocrx_word' id='word_1_227' title='bbox 807 2423 958 2482; x_wconf 91' lang='lat' dir='ltr'><strong>adversus</strong></span> <span class='ocrx_word' id='word_1_228' title='bbox 973 2420 1037 2492; x_wconf 90' lang='lat' dir='ltr'><strong>his,</strong></span> <span class='ocrx_word' id='word_1_229' title='bbox 1059 2420 1086 2478; x_wconf 93' lang='lat' dir='ltr'><strong>in</strong></span> 
     </span>
     <span class='ocr_line' id='line_1_28' title="bbox 116 2504 1088 2579; baseline -0.004 -15"><span class='ocrx_word' id='word_1_230' title='bbox 116 2504 228 2579; x_wconf 90' lang='lat' dir='ltr'><strong>quibus</strong></span> <span class='ocrx_word' id='word_1_231' title='bbox 243 2505 328 2576; x_wconf 89' lang='lat' dir='ltr'><strong>iacit,</strong></span> <span class='ocrx_word' id='word_1_232' title='bbox 350 2505 497 2579; x_wconf 89' lang='lat' dir='ltr'><strong>nubibus,</strong></span> <span class='ocrx_word' id='word_1_233' title='bbox 521 2522 589 2564; x_wconf 92' lang='lat' dir='ltr'><strong>cum</strong></span> <span class='ocrx_word' id='word_1_234' title='bbox 603 2506 761 2565; x_wconf 87' lang='lat' dir='ltr'><strong>breviores</strong></span> <span class='ocrx_word' id='word_1_235' title='bbox 777 2506 842 2564; x_wconf 89' lang='lat' dir='ltr'><strong>dies</strong></span> <span class='ocrx_word' id='word_1_236' title='bbox 859 2512 944 2579; x_wconf 89' lang='lat' dir='ltr'><strong>sunt,</strong></span> <span class='ocrx_word' id='word_1_237' title='bbox 967 2517 1088 2578; x_wconf 89' lang='lat' dir='ltr'><strong>semper</strong></span> 
     </span>
     <span class='ocr_line' id='line_1_29' title="bbox 115 2586 1086 2664; baseline -0.002 -17"><span class='ocrx_word' id='word_1_238' title='bbox 115 2588 258 2663; x_wconf 84' lang='lat' dir='ltr'><strong>obliquus</strong></span> <span class='ocrx_word' id='word_1_239' title='bbox 275 2595 330 2649; x_wconf 88' lang='lat' dir='ltr'><strong>cst.</strong></span> <span class='ocrx_word' id='word_1_240' title='bbox 352 2591 455 2664; x_wconf 88' lang='lat' dir='ltr'><strong>itaque</strong></span> <span class='ocrx_word' id='word_1_241' title='bbox 471 2589 605 2664; x_wconf 87' lang='lat' dir='ltr'><strong>qualibet</strong></span> <span class='ocrx_word' id='word_1_242' title='bbox 619 2590 678 2648; x_wconf 89' lang='lat' dir='ltr'><strong>diei</strong></span> <span class='ocrx_word' id='word_1_243' title='bbox 695 2595 794 2663; x_wconf 89' lang='lat' dir='ltr'><strong>parte,</strong></span> <span class='ocrx_word' id='word_1_244' title='bbox 818 2588 906 2648; x_wconf 87' lang='lat' dir='ltr'><strong>etiarn</strong></span> <span class='ocrx_word' id='word_1_245' title='bbox 922 2604 994 2648; x_wconf 88' lang='lat' dir='ltr'><strong>curn</strong></span> <span class='ocrx_word' id='word_1_246' title='bbox 1008 2586 1086 2646; x_wconf 89' lang='lat' dir='ltr'><strong>attis·</strong></span> 
     </span>
     <span class='ocr_line' id='line_1_30' title="bbox 115 2670 1086 2747; baseline -0.001 -18"><span class='ocrx_word' id='word_1_247' title='bbox 115 2672 209 2731; x_wconf 90' lang='lat' dir='ltr'><strong>simus</strong></span> <span class='ocrx_word' id='word_1_248' title='bbox 231 2680 292 2744; x_wconf 90' lang='lat' dir='ltr'><strong>est,</strong></span> <span class='ocrx_word' id='word_1_249' title='bbox 313 2673 404 2732; x_wconf 89' lang='lat' dir='ltr'><strong>habet</strong></span> <span class='ocrx_word' id='word_1_250' title='bbox 424 2673 543 2747; x_wconf 82' lang='lat' dir='ltr'><strong>aliquas</strong></span> <span class='ocrx_word' id='word_1_251' title='bbox 565 2673 676 2746; x_wconf 89' lang='lat' dir='ltr'><strong>nubes,</strong></span> <span class='ocrx_word' id='word_1_252' title='bbox 699 2688 777 2746; x_wconf 87' lang='lat' dir='ltr'><strong>quas</strong></span> <span class='ocrx_word' id='word_1_253' title='bbox 793 2686 832 2730; x_wconf 85' lang='lat' dir='ltr'><strong>ex</strong></span> <span class='ocrx_word' id='word_1_254' title='bbox 848 2673 983 2731; x_wconf 90' lang='lat' dir='ltr'><strong>adverso</strong></span> <span class='ocrx_word' id='word_1_255' title='bbox 999 2670 1086 2729; x_wconf 83' lang='lat' dir='ltr'><strong>ferire</strong></span> 
     </span>
     <span class='ocr_line' id='line_1_31' title="bbox 115 2753 1086 2830; baseline -0.001 -17"><span class='ocrx_word' id='word_1_256' title='bbox 115 2756 223 2828; x_wconf 90' lang='lat' dir='ltr'><strong>possit.</strong></span> <span class='ocrx_word' id='word_1_257' title='bbox 258 2763 289 2813; x_wconf 88' lang='lat' dir='ltr'><strong>at</strong></span> <span class='ocrx_word' id='word_1_258' title='bbox 312 2757 499 2829; x_wconf 89' lang='lat' dir='ltr'><strong>temporibus</strong></span> <span class='ocrx_word' id='word_1_259' title='bbox 522 2757 646 2816; x_wconf 87' lang='lat' dir='ltr'><strong>aestivis</strong></span> <span class='ocrx_word' id='word_1_260' title='bbox 668 2771 763 2830; x_wconf 88' lang='lat' dir='ltr'><strong>supra</strong></span> <span class='ocrx_word' id='word_1_261' title='bbox 783 2761 922 2815; x_wconf 89' lang='lat' dir='ltr'><strong>nostrum</strong></span> <span class='ocrx_word' id='word_1_262' title='bbox 943 2753 1086 2814; x_wconf 88' lang='lat' dir='ltr'><strong>verticem</strong></span> 
     </span>
     <span class='ocr_line' id='line_1_32' title="bbox 114 2837 1086 2913; baseline -0.001 -18"><span class='ocrx_word' id='word_1_263' title='bbox 114 2838 209 2896; x_wconf 82' lang='lat' dir='ltr'><strong>fertur</strong></span> <span class='ocrx_word' id='word_1_264' title='bbox 231 2837 365 2913; x_wconf 87' lang='lat' dir='ltr'><strong>ideoque</strong></span> <span class='ocrx_word' id='word_1_265' title='bbox 386 2838 486 2898; x_wconf 90' lang='lat' dir='ltr'><strong>medio</strong></span> <span class='ocrx_word' id='word_1_266' title='bbox 509 2840 558 2898; x_wconf 90' lang='lat' dir='ltr'><strong>die</strong></span> <span class='ocrx_word' id='word_1_267' title='bbox 579 2839 810 2899; x_wconf 90' lang='lat' dir='ltr'><strong>excelsissimus</strong></span> <span class='ocrx_word' id='word_1_268' title='bbox 831 2846 931 2898; x_wconf 89' lang='lat' dir='ltr'><strong>terras</strong></span> <span class='ocrx_word' id='word_1_269' title='bbox 957 2838 1086 2897; x_wconf 88' lang='lat' dir='ltr'><strong>rectiore</strong></span> 
     </span>
     <span class='ocr_line' id='line_1_33' title="bbox 114 2918 1085 2997; baseline 0.002 -20"><span class='ocrx_word' id='word_1_270' title='bbox 114 2920 246 2993; x_wconf 89' lang='lat' dir='ltr'><strong>adspicit</strong></span> <span class='ocrx_word' id='word_1_271' title='bbox 268 2921 366 2994; x_wconf 89' lang='lat' dir='ltr'><strong>linea,</strong></span> <span class='ocrx_word' id='word_1_272' title='bbox 396 2939 486 2997; x_wconf 89' lang='lat' dir='ltr'><strong>quam</strong></span> <span class='ocrx_word' id='word_1_273' title='bbox 511 2930 544 2982; x_wconf 87' lang='lat' dir='ltr'><strong>ut</strong></span> <span class='ocrx_word' id='word_1_274' title='bbox 572 2923 640 2982; x_wconf 86' lang='lat' dir='ltr'><strong>uitis</strong></span> <span class='ocrx_word' id='word_1_275' title='bbox 667 2921 797 2981; x_wconf 89' lang='lat' dir='ltr'><strong>nubibus</strong></span> <span class='ocrx_word' id='word_1_276' title='bbox 827 2921 928 2996; x_wconf 91' lang='lat' dir='ltr'><strong>possit</strong></span> <span class='ocrx_word' id='word_1_277' title='bbox 952 2918 1085 2982; x_wconf 82' lang='lat' dir='ltr'><strong>occurri=</strong></span> 
     </span>
     <span class='ocr_line' id='line_1_34' title="bbox 115 3005 640 3066; baseline 0 -4"><span class='ocrx_word' id='word_1_278' title='bbox 115 3019 222 3063; x_wconf 87' lang='lat' dir='ltr'><strong>ornnes</strong></span> <span class='ocrx_word' id='word_1_279' title='bbox 238 3005 317 3064; x_wconf 89' lang='lat' dir='ltr'><strong>enim</strong></span> <span class='ocrx_word' id='word_1_280' title='bbox 332 3006 389 3065; x_wconf 91' lang='lat' dir='ltr'><strong>sub</strong></span> <span class='ocrx_word' id='word_1_281' title='bbox 405 3021 439 3064; x_wconf 90' lang='lat' dir='ltr'><strong>se</strong></span> <span class='ocrx_word' id='word_1_282' title='bbox 454 3015 524 3065; x_wconf 90' lang='lat' dir='ltr'><strong>tunc</strong></span> <span class='ocrx_word' id='word_1_283' title='bbox 539 3005 640 3066; x_wconf 90' lang='lat' dir='ltr'><strong>habet.</strong></span> 
     </span>
    </p>

    <p class='ocr_par' dir='ltr' id='par_1_6' title="bbox 84 3087 1085 3494">
     <span class='ocr_line' id='line_1_35' title="bbox 84 3087 1084 3162; baseline -0.005 -12"><span class='ocrx_word' id='word_1_284' title='bbox 84 3097 98 3150; x_wconf 93' lang='lat'>1</span> <span class='ocrx_word' id='word_1_285' title='bbox 176 3088 225 3147; x_wconf 89' lang='lat' dir='ltr'><strong>IX.</strong></span> <span class='ocrx_word' id='word_1_286' title='bbox 260 3090 364 3148; x_wconf 92' lang='lat' dir='ltr'><strong>Nunc</strong></span> <span class='ocrx_word' id='word_1_287' title='bbox 387 3089 431 3146; x_wconf 94' lang='lat' dir='ltr'><strong>de</strong></span> <span class='ocrx_word' id='word_1_288' title='bbox 452 3089 576 3162; x_wconf 83' lang='lat' dir='ltr'><strong>virgis</strong></span> <span class='ocrx_word' id='word_1_289' title='bbox 599 3087 801 3147; x_wconf 90' lang='lat' dir='ltr'><strong>dicendum</strong></span> <span class='ocrx_word' id='word_1_290' title='bbox 824 3095 899 3161; x_wconf 87' lang='lat' dir='ltr'><strong>est,</strong></span> <span class='ocrx_word' id='word_1_291' title='bbox 929 3103 1008 3162; x_wconf 92' lang='lat' dir='ltr'><strong>quas</strong></span> <span class='ocrx_word' id='word_1_292' title='bbox 1026 3102 1084 3147; x_wconf 93' lang='lat' dir='ltr'><strong>non</strong></span> 
     </span>
     <span class='ocr_line' id='line_1_36' title="bbox 114 3169 1084 3246; baseline 0.001 -17"><span class='ocrx_word' id='word_1_293' title='bbox 114 3172 214 3231; x_wconf 92' lang='lat' dir='ltr'><strong>minus</strong></span> <span class='ocrx_word' id='word_1_294' title='bbox 229 3173 327 3246; x_wconf 90' lang='lat' dir='ltr'><strong>pictas</strong></span> <span class='ocrx_word' id='word_1_295' title='bbox 337 3169 501 3245; x_wconf 89' lang='lat' dir='ltr'><strong>variasque</strong></span> <span class='ocrx_word' id='word_1_296' title='bbox 513 3177 542 3228; x_wconf 90' lang='lat' dir='ltr'><strong>et</strong></span> <span class='ocrx_word' id='word_1_297' title='bbox 557 3186 656 3245; x_wconf 89' lang='lat' dir='ltr'><strong>aeque</strong></span> <span class='ocrx_word' id='word_1_298' title='bbox 671 3170 839 3245; x_wconf 89' lang='lat' dir='ltr'><strong>pluviarum</strong></span> <span class='ocrx_word' id='word_1_299' title='bbox 851 3172 939 3245; x_wconf 84' lang='lat' dir='ltr'><strong>signa</strong></span> <span class='ocrx_word' id='word_1_300' title='bbox 950 3173 1084 3232; x_wconf 86' lang='lat' dir='ltr'><strong>solemus</strong></span> 
     </span>
     <span class='ocr_line' id='line_1_37' title="bbox 114 3253 1085 3329; baseline 0.001 -16"><span class='ocrx_word' id='word_1_301' title='bbox 114 3255 264 3328; x_wconf 91' lang='lat' dir='ltr'><strong>accipere.</strong></span> <span class='ocrx_word' id='word_1_302' title='bbox 294 3253 456 3328; x_wconf 89' lang='lat' dir='ltr'><strong>inquibus</strong></span> <span class='ocrx_word' id='word_1_303' title='bbox 480 3269 540 3312; x_wconf 93' lang='lat' dir='ltr'><strong>non</strong></span> <span class='ocrx_word' id='word_1_304' title='bbox 561 3255 685 3313; x_wconf 91' lang='lat' dir='ltr'><strong>multum</strong></span> <span class='ocrx_word' id='word_1_305' title='bbox 708 3269 821 3329; x_wconf 88' lang='lat' dir='ltr'><strong>operae</strong></span> <span class='ocrx_word' id='word_1_306' title='bbox 845 3254 1085 3315; x_wconf 88' lang='lat' dir='ltr'><strong>consumendum</strong></span> 
     </span>
     <span class='ocr_line' id='line_1_38' title="bbox 113 3336 1083 3412; baseline -0.003 -16"><span class='ocrx_word' id='word_1_307' title='bbox 113 3343 175 3408; x_wconf 88' lang='lat' dir='ltr'><strong>est,</strong></span> <span class='ocrx_word' id='word_1_308' title='bbox 197 3337 268 3411; x_wconf 88' lang='lat' dir='ltr'><strong>quia</strong></span> <span class='ocrx_word' id='word_1_309' title='bbox 290 3337 392 3411; x_wconf 81' lang='lat' dir='ltr'><strong>virgae</strong></span> <span class='ocrx_word' id='word_1_310' title='bbox 413 3336 485 3394; x_wconf 88' lang='lat' dir='ltr'><strong>nihil</strong></span> <span class='ocrx_word' id='word_1_311' title='bbox 507 3337 588 3395; x_wconf 87' lang='lat' dir='ltr'><strong>aliud</strong></span> <span class='ocrx_word' id='word_1_312' title='bbox 608 3344 679 3397; x_wconf 88' lang='lat' dir='ltr'><strong>sunt</strong></span> <span class='ocrx_word' id='word_1_313' title='bbox 694 3353 786 3412; x_wconf 88' lang='lat' dir='ltr'><strong>quarn</strong></span> <span class='ocrx_word' id='word_1_314' title='bbox 808 3338 968 3412; x_wconf 85' lang='lat' dir='ltr'><strong>inperfecti</strong></span> <span class='ocrx_word' id='word_1_315' title='bbox 987 3351 1083 3397; x_wconf 90' lang='lat' dir='ltr'><strong>arcus.</strong></span> 
     </span>
     <span class='ocr_line' id='line_1_39' title="bbox 112 3418 1071 3494; baseline -0.001 -15"><span class='ocrx_word' id='word_1_316' title='bbox 112 3437 181 3479; x_wconf 93' lang='lat' dir='ltr'><strong>nam</strong></span> <span class='ocrx_word' id='word_1_317' title='bbox 198 3420 292 3479; x_wconf 88' lang='lat' dir='ltr'><strong>iacies</strong></span> <span class='ocrx_word' id='word_1_318' title='bbox 303 3419 361 3478; x_wconf 89' lang='lat' dir='ltr'><strong>illis</strong></span> <span class='ocrx_word' id='word_1_319' title='bbox 375 3419 497 3493; x_wconf 90' lang='lat' dir='ltr'><strong>quidem</strong></span> <span class='ocrx_word' id='word_1_320' title='bbox 509 3428 557 3479; x_wconf 88' lang='lat' dir='ltr'><strong>est</strong></span> <span class='ocrx_word' id='word_1_321' title='bbox 565 3418 661 3494; x_wconf 90' lang='lat' dir='ltr'><strong>picta,</strong></span> <span class='ocrx_word' id='word_1_322' title='bbox 679 3421 736 3481; x_wconf 90' lang='lat' dir='ltr'><strong>sed</strong></span> <span class='ocrx_word' id='word_1_323' title='bbox 747 3421 820 3479; x_wconf 89' lang='lat' dir='ltr'><strong>nihii</strong></span> <span class='ocrx_word' id='word_1_324' title='bbox 831 3421 948 3481; x_wconf 90' lang='lat' dir='ltr'><strong>curvati</strong></span> <span class='ocrx_word' id='word_1_325' title='bbox 959 3421 1071 3482; x_wconf 89' lang='lat' dir='ltr'><strong>habent</strong></span> 
     </span>
    </p>
   </div>
   <div class='ocr_carea' id='block_1_5' title="bbox 0 0 1186 3840">
    <p class='ocr_par' dir='ltr' id='par_1_7' title="bbox 0 0 1186 3840">
     <span class='ocr_line' id='line_1_40' title="bbox 0 0 1186 3840; baseline 0 1"><span class='ocrx_word' id='word_1_326' title='bbox 0 0 1186 3840; x_wconf 95' lang='lat' dir='ltr'><strong> </strong></span> 
     </span>
    </p>
   </div>
  </div>
 </body>
</html>
