2364 3840
161 135 207 248 Ι78
444 182 477 241 L.
500 181 645 241 ANNAEI
669 179 843 240 SENECAE

166 334 340 395 donabist“
364 333 553 406 Distinguam
570 332 665 402 istud,
682 338 763 390 certe
777 331 929 405 temptabo
945 333 1144 408 distinguere.

133 418 351 478 aBeneiicium
373 424 419 475 est
441 431 536 490 opera
558 415 655 486 utitis,
680 416 814 475 sednon
833 416 931 475 omnis
948 432 1045 491 opera
1061 418 1145 478 utilis

164 501 346 561 beneficium
369 506 424 558 est.
459 499 609 573 quaedam
631 499 709 556 enim
732 508 791 558 tam
813 501 922 573 exigua
939 506 1024 572 sunt,
1042 508 1077 560 ut
1093 501 1144 560 be·

165 584 267 645 neiieii
279 600 390 644 nomen
403 599 464 642 non
481 590 640 655 occupent.
663 583 748 640 Duae
760 597 810 640 res
826 583 908 642 coire
921 583 1050 657 debent,
1065 599 1145 657 quae

165 668 348 728 beneficium
373 665 521 725 eiiiciant=
553 665 681 739 primum
704 666 748 724 rei
772 665 958 739 magnitudo.
990 668 1145 743 quaedam

165 752 245 812 enim
268 757 339 810 sunt
358 751 436 808 inira
461 750 550 808 huius
573 749 703 808 nominis
722 765 906 808 mensuram.
936 751 1005 824 quis
1029 751 1144 810 benefi-

166 836 245 894 cium
270 834 345 893 dixit
373 830 518 907 quadram
542 834 630 906 panis
658 838 710 891 aut
730 831 839 907 stipem
863 833 942 892 aeris
962 834 1074 894 abiecti
1098 841 1146 894 aut

165 919 244 992 ignis
268 918 456 977 accendendi
483 918 591 974 iactam
621 923 823 989 potestatem?
854 924 883 976 et
908 917 1061 977 interdum
1090 918 1145 976 ista

166 1003 237 1076 pius
255 1008 385 1075 prosunt
408 1016 497 1075 quam
520 999 665 1058 maxima:
690 1000 746 1058 sed
768 1007 866 1058 tamen
885 1000 985 1059 viiitas
1003 1017 1062 1059 sua
1078 999 1144 1072 iliis,

167 1087 256 1143 etiam
272 1083 322 1143 ubi
337 1083 484 1158 temporis
501 1084 684 1142 necessitate
701 1083 867 1142 factasunt
885 1085 1073 1155 necessaria,
1093 1084 1143 1142 de-

134 1173 151 1226 3
166 1169 255 1227 trabit
271 1168 407 1241 pretium.
426 1167 542 1226 Deinde
554 1167 627 1240 hoo,
641 1166 725 1240 quod
739 1166 931 1239 potissimum
944 1173 1005 1237 est,
1024 1174 1143 1241 oportet

166 1253 307 1323 accedat,
325 1260 358 1311 ut
371 1252 437 1311 eius
451 1266 543 1308 causa
561 1251 683 1322 faciam,
701 1250 740 1308 ad
758 1265 849 1324 quem
866 1252 967 1309 volam
983 1250 1144 1323 pervenire

165 1335 363 1406 beneficium,
382 1335 570 1407 dignumque
582 1349 649 1392 eum
663 1332 793 1394 iudicem
810 1339 839 1391 et
855 1334 953 1392 iibens
969 1335 1001 1392 id
1016 1334 1143 1393 tribuam

166 1418 402 1494 percipiensque
415 1432 453 1474 ex
466 1432 589 1475 munere
604 1433 671 1475 meo
689 1415 843 1490 gaudium.
865 1433 995 1490 quorum
1011 1417 1086 1478 nihil
1101 1422 1143 1475 est

166 1504 195 1561 in
217 1503 299 1574 istiS,
322 1501 361 1558 de
386 1499 497 1573 quibus
516 1500 725 1572 loquebamur.
753 1517 814 1559 non
834 1501 913 1559 enim
930 1508 1088 1574 tamquam
1104 1500 1142 1558 di-

166 1585 234 1660 gnis
257 1584 308 1642 ilia
329 1583 504 1653 tribuimus,
528 1584 584 1642 sed
603 1586 796 1656 neglegenter
811 1591 966 1657 tamquam
983 1599 1095 1658 parva,
1118 1588 1143 1641 et

167 1686 227 1728 non
244 1665 359 1726 homini
375 1667 497 1739 damus,
514 1667 570 1725 sed
584 1666 770 1726 humanitati.

138 1770 151 1820 1
225 1747 1141 1823 XXX.Aiiquandodaturummeetiamindignis

167 1834 353 1909 quaedam
376 1848 449 1892 non
473 1833 695 1905 negaverim
716 1835 752 1891 in
769 1833 1138 1903 honoremaiiorum,

166 1920 246 1978 sicut
263 1918 293 1976 in
311 1916 452 1992 petendis
465 1914 636 1976 honoribus
658 1918 809 1990 quosdam
825 1916 1021 1991 turpissimos
1039 1915 1141 1975 nobili·

165 2011 213 2063 tas
228 2001 395 2070 industriis
413 1999 470 2057 sed
484 2001 573 2059 novis
592 1999 733 2074 praetulit
748 2017 809 2060 non
826 2002 892 2059 sine
906 2001 1040 2059 ratione=
1059 2013 1142 2059 sacra

167 2092 214 2145 est
235 2100 414 2158 magnarum
435 2084 577 2143 virtutum
599 2084 745 2142 memoria
771 2091 801 2144 et
827 2099 898 2144 esse
918 2086 1023 2158 plures
1047 2084 1141 2143 bonos

134 2170 262 2239 aiuvat,
287 2168 313 2226 si
329 2167 425 2240 gratia
444 2166 594 2227 bonorum
619 2184 680 2229 non
704 2181 770 2225 cum
792 2168 869 2242 ipsis
893 2167 990 2227 eadat.
1026 2167 1142 2226 Cicero-

166 2267 236 2310 nem
256 2251 350 2310 fflium
369 2266 448 2325 quae
468 2268 519 2310 res
537 2252 694 2311 consulem
715 2251 786 2309 iecit
807 2249 865 2310 nisi
885 2257 993 2324 pater?
1022 2250 1142 2308 Cinnam

167 2349 266 2408 nuper
277 2349 356 2408 quae
373 2350 423 2393 res
436 2335 476 2392 ad
489 2336 678 2394 consulatum
690 2336 806 2408 recepit
821 2350 859 2392 ex
871 2334 1003 2393 hostium
1016 2333 1142 2393 castrist

168 2433 247 2493 quae
269 2415 394 2477 Sextum
414 2417 591 2493 Pompeium
620 2418 760 2491 aliosque
781 2417 945 2493 Pompeios
973 2415 1033 2475 nisi
1055 2417 1141 2477 unius

168 2501 222 2561 viri
238 2502 414 2574 magnitudo
437 2507 520 2560 tanta
535 2502 704 2575 quondam,
725 2509 758 2560 ut
779 2502 853 2560 satis
870 2503 930 2559 alte
945 2515 1054 2560 omnes
1072 2515 1141 2559 suos

167 2586 257 2645 etiam
277 2586 365 2643 ruina
383 2585 450 2643 eius
471 2584 638 2643 adtolleret.
678 2583 757 2657 Quid
779 2600 877 2658 nuper
896 2583 1024 2643 Fabium
1047 2583 1141 2642 Persi·

168 2685 237 2729 cum
250 2669 335 2727 euius
351 2668 491 2729 osculum
506 2666 596 2725 etiam
609 2668 745 2741 inpudici
757 2667 936 2739 devitabant,
953 2667 1142 2726 sacerdotem

167 2770 228 2812 non
245 2753 274 2812 in
292 2769 353 2812 uno
373 2750 501 2822 collegio
518 2750 589 2810 fecit
604 2752 662 2810 nisi
677 2751 844 2811 Verrucosi
865 2758 896 2813 et
910 2750 1101 2823 Aliobrogici
1117 2755 1142 2807 et

166 2836 207 2897 iili
228 2837 369 2908 trecenti,
396 2831 450 2906 qui
470 2833 603 2894 hostium
623 2835 790 2894 incursioni
807 2851 862 2910 pro
880 2833 1040 2908 republica
1056 2848 1143 2893 unam

134 2920 291 2981 adamum
318 2919 512 2979 obiecerant?
552 2917 619 2977 Hoc
644 2919 791 2978 debemus
816 2917 993 2990 virtutibus,
1026 2923 1141 2976 utnon

167 3008 346 3078 praesentes
370 3001 469 3059 solum
488 3000 572 3074 ilias,
598 3001 655 3060 sed
682 3003 771 3061 etiam
798 3001 914 3060 ablatas
936 3016 953 3059 e
976 3007 1142 3074 conspectu
1180 3011 1182 3023 ⁴

168 3089 321 3147 colamus=
350 3084 504 3158 quomodo
522 3085 591 3144 iliae
606 3085 636 3143 id
652 3092 794 3159 egerunt,
817 3092 925 3145 utnon
940 3084 970 3145 in
986 3100 1080 3143 unam
1097 3099 1130 3144 ae
1179 3126 1182 3144 i

166 3178 258 3231 tatem
280 3169 479 3242 prodessent,
506 3168 563 3227 sed
584 3167 734 3228 beneficia
759 3185 815 3228 sua
842 3169 932 3228 etiam
959 3174 1032 3241 post
1059 3167 1142 3242 ipsas
1181 3183 1182 3209 ³

137 3253 387 3326 irainquerem,
408 3252 448 3310 ita
470 3267 528 3311 nos
548 3268 609 3310 non
631 3269 692 3312 una
713 3259 811 3311 aetate
831 3251 908 3326 grati
931 3267 1049 3310 sumus.
1089 3247 1140 3309 Hie

168 3352 296 3409 magnos
312 3336 397 3396 viros
411 3336 529 3410 genuit:
548 3335 659 3409 dignus
675 3343 723 3396 est
736 3335 893 3395 benefieiis
911 3334 1139 3409 qualiscumque

169 3426 229 3490 est,
249 3418 359 3494 dignos
375 3420 468 3480 dedit.
489 3419 545 3478 Hie
560 3419 691 3494 egregiis
707 3419 873 3480 maioribus
890 3425 976 3479 ortus
990 3426 1052 3480 est=
1070 3431 1139 3493 qua·
