2364 3840
305 183 356 242 DE
378 181 591 242 BENEFlCllS
612 182 684 243 LlB.
696 184 734 240 V.
757 191 800 244 19.
813 191 856 243 20.
1011 183 1073 249 103

155 333 219 395 XX.
242 333 320 393 lllud
335 333 415 394 solet
430 333 550 408 quaero
573 333 714 405 „Fratres
730 335 790 394 duo
806 335 966 397 dissident.
990 338 1016 396 si
1031 339 1102 402 al·1

85 428 191 480 terum
206 431 314 489 servo,
337 432 376 476 an
392 416 460 475 dem
476 417 657 477 beneficium
672 419 716 490 ei,
739 418 790 491 qui
805 419 927 477 lratrem
942 419 1072 479 invisum

88 519 153 564 non
177 499 299 576 perisse
319 501 448 561 moleste
463 503 579 560 laturus
594 506 688 560 estt“
722 501 800 562 Non
824 509 883 560 est
904 502 1072 574 dubium,

88 585 187 661 quin
207 584 446 644 beneficium
467 585 784 647 sitetiarninvito
800 583 1011 660 prodesse,
1030 585 1068 645 sl·

86 676 145 730 cut
155 684 217 729 non
225 666 310 727 dedit
320 667 511 737 beneficium,
525 666 577 740 qui
587 668 698 728 invitus
712 670 834 743 profuit.
853 668 1100 742 „Beneficium

88 753 207 828 inquit,
223 767 334 824 vocaS,
351 768 412 826 quo
427 752 477 810 ille
489 750 661 824 offenditur,
678 768 739 827 quo
752 757 950 827 torqueturt“
977 752 1072 812 Multa

88 835 244 895 beneficia
265 835 381 895 tristem
405 835 533 893 frontem
555 842 586 893 et
606 850 748 909 asperam
767 836 896 906 habent,
925 835 1071 910 quemad-

88 919 218 980 modum
239 932 347 978 seoare
368 924 398 977 et
418 933 523 988 urere,
547 924 580 976 ut
601 933 707 991 sanes,
730 926 759 978 et
772 920 901 980 vinculis
917 933 1070 981 coercere.

72 1018 155 1063 non
176 1008 225 1062 est
246 1001 462 1077 spectandum,
491 1016 529 1059 an
554 1001 656 1060 doleat
677 1002 745 1076 quis
767 1003 916 1065 beneficio
932 1010 1070 1077 accepto,

88 1086 210 1146 sedan
231 1084 366 1159 gaudere
388 1084 507 1143 debeat.
536 1101 597 1143 non
619 1091 667 1144 est
687 1084 784 1144 malus
800 1085 959 1159 denarius,
980 1102 1071 1160 quem

89 1169 242 1228 barbarus
257 1175 287 1228 et
305 1168 429 1241 ignarus
447 1169 563 1227 lormac
581 1168 721 1242 publicae
735 1168 848 1228 reiecit.
882 1169 1071 1228 Beneficium

87 1259 123 1311 et
138 1251 203 1311 odit
216 1259 247 1310 et
260 1252 393 1325 accepit,
410 1251 544 1311 simodo
560 1251 590 1309 id
607 1252 746 1326 prodest,
764 1253 789 1309 si
805 1250 841 1323 is,
856 1253 907 1326 qui
924 1253 1023 1321 dabat,
1039 1258 1073 1310 ut

89 1335 259 1410 prodesset
279 1332 371 1394 dedit.
394 1335 466 1394 nihil
487 1336 593 1406 refert,
617 1352 654 1394 an
670 1335 781 1393 bonam
796 1351 859 1393 rem
875 1336 954 1394 malo
971 1335 1071 1393 animo
1098 1368 1103 1379 ·

70 1419 163 1493 ouis
183 1416 324 1492 accipiat.
360 1419 519 1492 Agedum,
546 1418 605 1478 hoc
625 1419 654 1479 in
677 1418 858 1479 contrarium
880 1427 979 1478 verte:
1009 1417 1100 1485 adita

88 1503 216 1562 tratrem
229 1517 333 1575 suum,
357 1517 448 1575 quern
460 1503 501 1560 illi
513 1503 637 1577 expedit
648 1503 769 1561 habere.
793 1503 874 1562 hunc
887 1518 944 1576 ego
957 1501 1070 1562 occidi:

89 1602 155 1646 non
167 1592 215 1645 est
226 1585 418 1659 beneficium,
432 1586 572 1660 quamvis
585 1585 636 1646 ille
648 1587 729 1645 dicat
740 1602 812 1646 esse
820 1594 849 1645 et
859 1586 1001 1660 gaudeat
1022 1585 1070 1643 ln-

88 1668 298 1730 sidicsissime
312 1676 404 1728 nocet
415 1671 462 1729 cui
477 1670 592 1743 gratiae
608 1677 737 1742 aguntur
752 1685 808 1743 pro
820 1668 938 1730 iniuria.
959 1668 1069 1728 Video.

90 1752 392 1826 Prodestallquares
402 1760 433 1810 et
443 1753 513 1812 ideo
525 1752 707 1813 beneficium
716 1761 776 1812 est=
794 1754 1070 1814 nocetetideonon

90 1842 143 1896 est
156 1832 349 1896 beneficium.
369 1836 452 1896 Ecce
465 1837 549 1911 quod
561 1851 618 1895 nec
631 1837 729 1910 prosit
739 1852 798 1895 nec
810 1844 920 1895 noceat
931 1837 1027 1906 dabo,
1042 1843 1100 1898 et4

91 1927 194 1979 tamen
208 1919 390 1980 beneficium
406 1916 475 1978 erit:
499 1927 615 1994 patrem
630 1918 758 1979 alicuius
773 1919 803 1978 in
820 1916 984 1979 solitudine
1000 1933 1071 1978 exa·

92 2003 205 2063 nimam
224 2004 341 2076 inveni,
364 2019 478 2076 corpus
501 2004 566 2062 eius
589 2003 727 2077 sepelivi.
762 2017 820 2061 nec
837 2002 897 2075 ipsi
913 2001 1015 2074 prolui
1029 2033 1073 2047 «-

90 2087 169 2161 quid
184 2088 262 2146 enim
278 2087 359 2146 illius
375 2087 527 2159 intererat,
541 2103 602 2161 quo
617 2101 730 2160 genere
742 2086 1000 2146 dilabereturt—
1015 2099 1072 2143 nec

92 2169 172 2241 tilio,
198 2171 272 2244 quid
293 2169 372 2230 enirn
395 2185 453 2244 per
470 2171 529 2231 hoc
551 2170 704 2231 commodi
724 2170 857 2230 accessit
878 2169 943 2229 illit
973 2167 1072 2228 dicam

91 2254 169 2328 quid
184 2261 369 2314 consecutus
386 2254 439 2313 sit=
463 2255 564 2314 olfioio
577 2254 715 2314 sollemni
728 2262 758 2313 ct
768 2253 946 2314 necessario
958 2266 1013 2327 per
1023 2267 1073 2310 me

92 2339 216 2397 functus
232 2346 288 2397 cst.
324 2336 464 2398 Praestiti
480 2339 556 2412 patri
572 2338 653 2412 eius,
676 2339 759 2412 quod
770 2339 838 2412 ipse
851 2344 1006 2412 praestare
1017 2340 1101 2395 vot

91 2423 202 2481 luisset
224 2437 360 2482 necnon
384 2428 414 2480 ct
434 2421 600 2482 debuisset.
632 2421 691 2481 hoo
713 2429 812 2482 tamen
833 2422 875 2480 ita
890 2420 1073 2479 beneficium

91 2512 154 2577 est,
177 2504 205 2565 si
219 2522 280 2565 non
296 2504 524 2566 misericordiae
536 2512 566 2565 et
578 2504 756 2564 humanitati
769 2503 854 2576 dedi,
870 2510 903 2562 ut
915 2500 1074 2575 quodlibet

91 2588 228 2648 cadaver
253 2589 490 2662 absconderem,
512 2589 568 2648 sed
593 2589 619 2647 si
646 2603 759 2660 corpus
780 2585 927 2658 adgnovi,
961 2584 987 2642 si
1009 2582 1072 2644 lilio

90 2679 164 2733 tuno
178 2672 239 2732 hoc
254 2680 412 2747 praestare
427 2689 475 2732 mo
490 2671 631 2745 cogitavi.
660 2678 692 2730 at
708 2671 733 2730 si
748 2676 859 2729 terram
874 2669 979 2741 ignoto
992 2683 1072 2727 mor·

91 2763 145 2816 tuo
161 2754 268 2829 inieci,
286 2758 401 2816 nullum
416 2757 445 2815 ln
459 2755 519 2815 hoo
534 2755 633 2814 habeo
646 2753 737 2813 huius
753 2752 846 2812 officii
862 2751 1029 2813 debitorem
1042 2752 1072 2810 in

91 2837 250 2915 publicum
270 2840 430 2899 humanus.
466 2839 546 2899 Dicit
567 2838 693 2912 aliquis:
727 2835 844 2911 „quid
865 2842 970 2896 tanto
978 2843 1101 2909 pereo

90 2924 267 2998 quaeris,
291 2922 352 2985 cui
373 2923 532 2982 dederis
551 2920 789 2981 beneficium
810 2927 1072 2993 tamquamre-

92 3005 289 3080 petiturus
326 3007 590 3081 aliquandot“
635 3004 731 3064 Sunt
769 3004 832 3078 qui
871 3017 1072 3076 numquam

91 3089 271 3149 iudicant
291 3105 381 3150 esse
402 3089 657 3163 repetendum
680 3095 710 3148 et
725 3086 1071 3149 hascausasadlerunt:

89 3172 256 3247 „indignus
271 3172 361 3232 etiam
376 3174 524 3248 repetenti
539 3188 600 3233 non
615 3172 739 3243 reddet,
761 3172 871 3245 dignus
885 3171 954 3245 ipse
968 3184 1023 3243 per
1038 3182 1073 3228 se

91 3257 213 3318 releret.
247 3264 406 3330 praeterea
421 3258 447 3316 si
461 3257 542 3317 bono
558 3256 624 3316 viro
639 3255 765 3325 dedisti,
789 3260 952 3329 exspecta,
974 3268 1012 3311 ne
1027 3252 1072 3310 in-

92 3339 198 3398 iuriam
223 3339 266 3400 illi
287 3341 382 3401 iacias
403 3339 605 3414 adpellando,
627 3346 782 3414 tamquam
803 3354 861 3398 sua
880 3342 989 3411 sponte
1003 3332 1072 3394 red-

91 3422 211 3483 diturus
231 3440 293 3484 non
315 3424 434 3485 luisset.
468 3424 588 3484 simale
605 3422 670 3483 viro
686 3421 813 3493 dedisti,
837 3421 980 3495 plectere.
1014 3417 1073 3476 Be·
