<?xml version="1.0" encoding="UTF-8"?>
<!DOCTYPE html PUBLIC "-//W3C//DTD XHTML 1.0 Transitional//EN"
    "http://www.w3.org/TR/xhtml1/DTD/xhtml1-transitional.dtd">
<html xmlns="http://www.w3.org/1999/xhtml" xml:lang="en" lang="en">
 <head>
  <title>
</title>
<meta http-equiv="Content-Type" content="text/html;charset=utf-8" />
  <meta name='ocr-system' content='tesseract 3.04.00' />
  <meta name='ocr-capabilities' content='ocr_page ocr_carea ocr_par ocr_line ocrx_word'/>
</head>
<body>
  <div class='ocr_page' id='page_1' title='image "./lannaeisenecaeo01senegoog_0148.png"; bbox 0 0 2364 3840; ppageno 0'>
   <div class='ocr_carea' id='block_1_1' title="bbox 305 172 1069 239">
    <p class='ocr_par' dir='ltr' id='par_1_1' title="bbox 305 172 1069 239">
     <span class='ocr_line' id='line_1_1' title="bbox 305 172 1069 239; baseline -0.003 -1"><span class='ocrx_word' id='word_1_1' title='bbox 305 178 356 239; x_wconf 85' lang='lat' dir='ltr'>DE</span> <span class='ocrx_word' id='word_1_2' title='bbox 377 175 592 238; x_wconf 82' lang='lat' dir='ltr'>BENEFlCllS</span> <span class='ocrx_word' id='word_1_3' title='bbox 614 176 687 234; x_wconf 91' lang='lat' dir='ltr'>LlB.</span> <span class='ocrx_word' id='word_1_4' title='bbox 700 175 765 234; x_wconf 86' lang='lat' dir='ltr'>vll.</span> <span class='ocrx_word' id='word_1_5' title='bbox 791 182 815 233; x_wconf 92' lang='lat' dir='ltr'>l.</span> <span class='ocrx_word' id='word_1_6' title='bbox 830 183 856 234; x_wconf 71' lang='lat'>2.</span> <span class='ocrx_word' id='word_1_7' title='bbox 1007 172 1069 237; x_wconf 78' lang='lat'>135</span> 
     </span>
    </p>
   </div>
   <div class='ocr_carea' id='block_1_2' title="bbox 87 326 1097 660">
    <p class='ocr_par' dir='ltr' id='par_1_2' title="bbox 87 326 1097 660">
     <span class='ocr_line' id='line_1_2' title="bbox 87 326 1068 406; baseline -0.007 -12"><span class='ocrx_word' id='word_1_8' title='bbox 87 335 158 395; x_wconf 90' lang='lat' dir='ltr'>sint.</span> <span class='ocrx_word' id='word_1_9' title='bbox 182 347 237 392; x_wconf 89' lang='lat' dir='ltr'>cur</span> <span class='ocrx_word' id='word_1_10' title='bbox 251 328 364 406; x_wconf 86' lang='lat' dir='ltr'>pariter</span> <span class='ocrx_word' id='word_1_11' title='bbox 378 328 457 389; x_wconf 89' lang='lat' dir='ltr'>natis</span> <span class='ocrx_word' id='word_1_12' title='bbox 472 330 534 388; x_wconf 84' lang='lat' dir='ltr'>iata</span> <span class='ocrx_word' id='word_1_13' title='bbox 546 327 669 387; x_wconf 86' lang='lat' dir='ltr'>diversa</span> <span class='ocrx_word' id='word_1_14' title='bbox 684 328 744 387; x_wconf 90' lang='lat' dir='ltr'>sint</span> <span class='ocrx_word' id='word_1_15' title='bbox 754 326 955 401; x_wconf 84' lang='lat' dir='ltr'><strong>maximisque</strong></span> <span class='ocrx_word' id='word_1_16' title='bbox 966 342 1068 387; x_wconf 88' lang='lat' dir='ltr'>rerum</span> 
     </span>
     <span class='ocr_line' id='line_1_3' title="bbox 87 409 1097 493; baseline -0.006 -15"><span class='ocrx_word' id='word_1_17' title='bbox 87 415 199 493; x_wconf 84' lang='lat' dir='ltr'>spatiis</span> <span class='ocrx_word' id='word_1_18' title='bbox 215 414 337 486; x_wconf 89' lang='lat' dir='ltr'>distent,</span> <span class='ocrx_word' id='word_1_19' title='bbox 354 428 483 488; x_wconf 89' lang='lat' dir='ltr'>quorum</span> <span class='ocrx_word' id='word_1_20' title='bbox 496 413 572 472; x_wconf 91' lang='lat' dir='ltr'>inter</span> <span class='ocrx_word' id='word_1_21' title='bbox 584 419 668 472; x_wconf 90' lang='lat' dir='ltr'>ortus</span> <span class='ocrx_word' id='word_1_22' title='bbox 680 411 833 470; x_wconf 88' lang='lat' dir='ltr'>minimum</span> <span class='ocrx_word' id='word_1_23' title='bbox 846 409 980 470; x_wconf 90' lang='lat' dir='ltr'>interest.</span> <span class='ocrx_word' id='word_1_24' title='bbox 1000 410 1097 472; x_wconf 73' lang='lat' dir='ltr'>Nono</span> 
     </span>
     <span class='ocr_line' id='line_1_4' title="bbox 88 495 1062 570; baseline -0.007 -10"><span class='ocrx_word' id='word_1_25' title='bbox 88 503 216 560; x_wconf 91' lang='lat' dir='ltr'>multum</span> <span class='ocrx_word' id='word_1_26' title='bbox 236 498 288 557; x_wconf 91' lang='lat' dir='ltr'>tibi</span> <span class='ocrx_word' id='word_1_27' title='bbox 309 497 432 557; x_wconf 81' lang='lat' dir='ltr'>nocebit</span> <span class='ocrx_word' id='word_1_28' title='bbox 455 495 618 568; x_wconf 80' lang='lat' dir='ltr'>transisse,</span> <span class='ocrx_word' id='word_1_29' title='bbox 641 511 721 570; x_wconf 86' lang='lat' dir='ltr'>quae</span> <span class='ocrx_word' id='word_1_30' title='bbox 742 510 800 554; x_wconf 87' lang='lat' dir='ltr'>nec</span> <span class='ocrx_word' id='word_1_31' title='bbox 820 495 891 553; x_wconf 86' lang='lat' dir='ltr'>licet</span> <span class='ocrx_word' id='word_1_32' title='bbox 911 495 990 552; x_wconf 90' lang='lat' dir='ltr'>scire</span> <span class='ocrx_word' id='word_1_33' title='bbox 1005 509 1062 553; x_wconf 91' lang='lat' dir='ltr'>nec</span> 
     </span>
     <span class='ocr_line' id='line_1_5' title="bbox 89 576 1068 660; baseline -0.007 -16"><span class='ocrx_word' id='word_1_34' title='bbox 89 585 228 660; x_wconf 89' lang='lat' dir='ltr'>prodest.</span> <span class='ocrx_word' id='word_1_35' title='bbox 257 581 393 642; x_wconf 87' lang='lat' dir='ltr'>involuta</span> <span class='ocrx_word' id='word_1_36' title='bbox 406 581 519 639; x_wconf 88' lang='lat' dir='ltr'>veritas</span> <span class='ocrx_word' id='word_1_37' title='bbox 535 581 564 637; x_wconf 92' lang='lat' dir='ltr'>in</span> <span class='ocrx_word' id='word_1_38' title='bbox 580 580 640 638; x_wconf 90' lang='lat' dir='ltr'>alto</span> <span class='ocrx_word' id='word_1_39' title='bbox 656 580 735 638; x_wconf 89' lang='lat' dir='ltr'>latet.</span> <span class='ocrx_word' id='word_1_40' title='bbox 759 594 816 637; x_wconf 90' lang='lat' dir='ltr'>nec</span> <span class='ocrx_word' id='word_1_41' title='bbox 831 578 869 636; x_wconf 90' lang='lat' dir='ltr'>de</span> <span class='ocrx_word' id='word_1_42' title='bbox 883 576 1068 651; x_wconf 81' lang='lat' dir='ltr'>malignitate</span> 
     </span>
    </p>
   </div>
   <div class='ocr_carea' id='block_1_3' title="bbox 78 661 1096 3579">
    <p class='ocr_par' dir='ltr' id='par_1_3' title="bbox 78 661 1095 2327">
     <span class='ocr_line' id='line_1_6' title="bbox 88 661 1067 740; baseline -0.007 -14"><span class='ocrx_word' id='word_1_43' title='bbox 88 674 217 728; x_wconf 90' lang='lat' dir='ltr'>naturae</span> <span class='ocrx_word' id='word_1_44' title='bbox 233 664 320 740; x_wconf 91' lang='lat' dir='ltr'>queri</span> <span class='ocrx_word' id='word_1_45' title='bbox 334 679 516 739; x_wconf 85' lang='lat' dir='ltr'>possumus,</span> <span class='ocrx_word' id='word_1_46' title='bbox 541 663 612 736; x_wconf 86' lang='lat' dir='ltr'>quia</span> <span class='ocrx_word' id='word_1_47' title='bbox 626 663 738 722; x_wconf 89' lang='lat' dir='ltr'>nullius</span> <span class='ocrx_word' id='word_1_48' title='bbox 754 663 797 720; x_wconf 90' lang='lat' dir='ltr'>rei</span> <span class='ocrx_word' id='word_1_49' title='bbox 813 661 946 721; x_wconf 81' lang='lat' dir='ltr'>difficilis</span> <span class='ocrx_word' id='word_1_50' title='bbox 961 663 1067 720; x_wconf 90' lang='lat' dir='ltr'>inven-</span> 
     </span>
     <span class='ocr_line' id='line_1_7' title="bbox 87 744 1067 821; baseline -0.006 -11"><span class='ocrx_word' id='word_1_51' title='bbox 87 752 129 812; x_wconf 89' lang='lat' dir='ltr'>tio</span> <span class='ocrx_word' id='word_1_52' title='bbox 152 759 216 821; x_wconf 98' lang='grc' dir='ltr'><strong>εει,</strong></span> <span class='ocrx_word' id='word_1_53' title='bbox 240 749 298 808; x_wconf 92' lang='lat' dir='ltr'>nisi</span> <span class='ocrx_word' id='word_1_54' title='bbox 320 749 408 808; x_wconf 91' lang='lat' dir='ltr'>cuius</span> <span class='ocrx_word' id='word_1_55' title='bbox 429 746 478 805; x_wconf 92' lang='lat' dir='ltr'>hic</span> <span class='ocrx_word' id='word_1_56' title='bbox 498 763 578 806; x_wconf 90' lang='lat' dir='ltr'>unus</span> <span class='ocrx_word' id='word_1_57' title='bbox 599 744 741 806; x_wconf 85' lang='lat' dir='ltr'>inventae</span> <span class='ocrx_word' id='word_1_58' title='bbox 762 748 878 805; x_wconf 82' lang='lat' dir='ltr'>fructus</span> <span class='ocrx_word' id='word_1_59' title='bbox 900 752 961 817; x_wconf 91' lang='lat' dir='ltr'>est,</span> <span class='ocrx_word' id='word_1_60' title='bbox 982 745 1067 804; x_wconf 90' lang='lat' dir='ltr'>inve-</span> 
     </span>
     <span class='ocr_line' id='line_1_8' title="bbox 88 830 1067 906; baseline -0.007 -12"><span class='ocrx_word' id='word_1_61' title='bbox 88 834 191 894; x_wconf 81' lang='lat' dir='ltr'>nisse=</span> <span class='ocrx_word' id='word_1_62' title='bbox 222 830 369 906; x_wconf 87' lang='lat' dir='ltr'>quicquid</span> <span class='ocrx_word' id='word_1_63' title='bbox 391 846 449 890; x_wconf 91' lang='lat' dir='ltr'>nos</span> <span class='ocrx_word' id='word_1_64' title='bbox 475 831 617 890; x_wconf 84' lang='lat' dir='ltr'>meliores</span> <span class='ocrx_word' id='word_1_65' title='bbox 643 831 813 904; x_wconf 88' lang='lat' dir='ltr'>beatosque</span> <span class='ocrx_word' id='word_1_66' title='bbox 838 830 986 890; x_wconf 87' lang='lat' dir='ltr'>iacturum</span> <span class='ocrx_word' id='word_1_67' title='bbox 1011 835 1067 902; x_wconf 88' lang='lat' dir='ltr'>cst,</span> 
     </span>
     <span class='ocr_line' id='line_1_9' title="bbox 88 909 1095 990; baseline -0.005 -13"><span class='ocrx_word' id='word_1_68' title='bbox 88 926 140 977; x_wconf 89' lang='lat' dir='ltr'>aut</span> <span class='ocrx_word' id='word_1_69' title='bbox 160 918 312 990; x_wconf 87' lang='lat' dir='ltr'>inaperta</span> <span class='ocrx_word' id='word_1_70' title='bbox 333 921 386 974; x_wconf 90' lang='lat' dir='ltr'>aut</span> <span class='ocrx_word' id='word_1_71' title='bbox 404 915 434 971; x_wconf 93' lang='lat' dir='ltr'>in</span> <span class='ocrx_word' id='word_1_72' title='bbox 456 914 595 988; x_wconf 90' lang='lat' dir='ltr'>proximo</span> <span class='ocrx_word' id='word_1_73' title='bbox 613 915 724 988; x_wconf 83' lang='lat' dir='ltr'>posuit</span> <span class='ocrx_word' id='word_1_74' title='bbox 760 911 792 972; x_wconf 86' lang='lat' dir='ltr'>Si</span> <span class='ocrx_word' id='word_1_75' title='bbox 812 914 930 973; x_wconf 89' lang='lat' dir='ltr'>animus</span> <span class='ocrx_word' id='word_1_76' title='bbox 945 909 1095 975; x_wconf 66' lang='lat' dir='ltr'>fortuita?</span> 
     </span>
     <span class='ocr_line' id='line_1_10' title="bbox 89 997 1066 1073; baseline -0.004 -13"><span class='ocrx_word' id='word_1_77' title='bbox 89 1000 289 1073; x_wconf 81' lang='lat' dir='ltr'>contempsit,</span> <span class='ocrx_word' id='word_1_78' title='bbox 311 1000 337 1058; x_wconf 93' lang='lat' dir='ltr'>si</span> <span class='ocrx_word' id='word_1_79' title='bbox 353 1013 388 1056; x_wconf 91' lang='lat' dir='ltr'>se</span> <span class='ocrx_word' id='word_1_80' title='bbox 402 1013 497 1071; x_wconf 90' lang='lat' dir='ltr'>supra</span> <span class='ocrx_word' id='word_1_81' title='bbox 510 1005 623 1056; x_wconf 89' lang='lat' dir='ltr'>metum</span> <span class='ocrx_word' id='word_1_82' title='bbox 638 997 759 1057; x_wconf 87' lang='lat' dir='ltr'>sustulit</span> <span class='ocrx_word' id='word_1_83' title='bbox 773 1012 830 1055; x_wconf 89' lang='lat' dir='ltr'>nec</span> <span class='ocrx_word' id='word_1_84' title='bbox 845 998 935 1056; x_wconf 89' lang='lat' dir='ltr'>avida</span> <span class='ocrx_word' id='word_1_85' title='bbox 951 1014 1007 1072; x_wconf 90' lang='lat' dir='ltr'>spe</span> <span class='ocrx_word' id='word_1_86' title='bbox 1022 998 1066 1056; x_wconf 92' lang='lat' dir='ltr'>in·</span> 
     </span>
     <span class='ocr_line' id='line_1_11' title="bbox 88 1079 1066 1156; baseline -0.001 -13"><span class='ocrx_word' id='word_1_87' title='bbox 88 1085 175 1144; x_wconf 84' lang='lat' dir='ltr'>finita</span> <span class='ocrx_word' id='word_1_88' title='bbox 186 1082 402 1156; x_wconf 81' lang='lat' dir='ltr'>conplectitur,</span> <span class='ocrx_word' id='word_1_89' title='bbox 425 1082 480 1140; x_wconf 88' lang='lat' dir='ltr'>sed</span> <span class='ocrx_word' id='word_1_90' title='bbox 494 1081 599 1140; x_wconf 91' lang='lat' dir='ltr'>didicit</span> <span class='ocrx_word' id='word_1_91' title='bbox 610 1098 628 1140; x_wconf 92' lang='lat' dir='ltr'>a</span> <span class='ocrx_word' id='word_1_92' title='bbox 639 1095 674 1139; x_wconf 90' lang='lat' dir='ltr'>se</span> <span class='ocrx_word' id='word_1_93' title='bbox 685 1086 789 1153; x_wconf 88' lang='lat' dir='ltr'>petere</span> <span class='ocrx_word' id='word_1_94' title='bbox 800 1079 931 1140; x_wconf 89' lang='lat' dir='ltr'>divitias.</span> <span class='ocrx_word' id='word_1_95' title='bbox 955 1082 980 1140; x_wconf 94' lang='lat' dir='ltr'>si</span> <span class='ocrx_word' id='word_1_96' title='bbox 993 1082 1066 1142; x_wconf 92' lang='lat' dir='ltr'>deo—</span> 
     </span>
     <span class='ocr_line' id='line_1_12' title="bbox 78 1162 1066 1239; baseline -0.004 -10"><span class='ocrx_word' id='word_1_97' title='bbox 78 1184 156 1229; x_wconf 90' lang='lat' dir='ltr'>-rum</span> <span class='ocrx_word' id='word_1_98' title='bbox 177 1165 396 1239; x_wconf 88' lang='lat' dir='ltr'>hominumque</span> <span class='ocrx_word' id='word_1_99' title='bbox 416 1165 607 1224; x_wconf 81' lang='lat' dir='ltr'>formidinem</span> <span class='ocrx_word' id='word_1_100' title='bbox 630 1162 718 1222; x_wconf 89' lang='lat' dir='ltr'>eiecit</span> <span class='ocrx_word' id='word_1_101' title='bbox 738 1168 770 1221; x_wconf 90' lang='grc' dir='ltr'><strong>ει</strong></span> <span class='ocrx_word' id='word_1_102' title='bbox 789 1163 847 1220; x_wconf 85' lang='grc' dir='ltr'>εείι</span> <span class='ocrx_word' id='word_1_103' title='bbox 864 1179 926 1237; x_wconf 84' lang='lat' dir='ltr'>non</span> <span class='ocrx_word' id='word_1_104' title='bbox 941 1167 1066 1225; x_wconf 90' lang='lat' dir='ltr'>multum</span> 
     </span>
     <span class='ocr_line' id='line_1_13' title="bbox 88 1244 1068 1321; baseline -0.003 -10"><span class='ocrx_word' id='word_1_105' title='bbox 88 1268 162 1312; x_wconf 90' lang='lat' dir='ltr'>esse</span> <span class='ocrx_word' id='word_1_106' title='bbox 188 1249 227 1309; x_wconf 83' lang='lat' dir='ltr'>ab</span> <span class='ocrx_word' id='word_1_107' title='bbox 247 1249 369 1309; x_wconf 91' lang='lat' dir='ltr'>homine</span> <span class='ocrx_word' id='word_1_108' title='bbox 390 1248 570 1320; x_wconf 89' lang='lat' dir='ltr'>timendum,</span> <span class='ocrx_word' id='word_1_109' title='bbox 597 1244 694 1305; x_wconf 81' lang='lat' dir='ltr'>adeo</span> <span class='ocrx_word' id='word_1_110' title='bbox 717 1245 798 1303; x_wconf 90' lang='lat' dir='ltr'>nibil.</span> <span class='ocrx_word' id='word_1_111' title='bbox 827 1245 852 1303; x_wconf 93' lang='lat' dir='ltr'>si</span> <span class='ocrx_word' id='word_1_112' title='bbox 878 1255 1068 1321; x_wconf 88' lang='lat' dir='ltr'>contemplor</span> 
     </span>
     <span class='ocr_line' id='line_1_14' title="bbox 88 1330 1054 1407; baseline -0.008 -12"><span class='ocrx_word' id='word_1_113' title='bbox 88 1333 241 1405; x_wconf 89' lang='lat' dir='ltr'>omnium,</span> <span class='ocrx_word' id='word_1_114' title='bbox 269 1333 380 1407; x_wconf 90' lang='lat' dir='ltr'>quibus</span> <span class='ocrx_word' id='word_1_115' title='bbox 402 1339 560 1406; x_wconf 85' lang='lat' dir='ltr'>torquetur</span> <span class='ocrx_word' id='word_1_116' title='bbox 580 1331 655 1402; x_wconf 86' lang='lat' dir='ltr'>vita,</span> <span class='ocrx_word' id='word_1_117' title='bbox 684 1330 754 1388; x_wconf 92' lang='lat' dir='ltr'>dum</span> <span class='ocrx_word' id='word_1_118' title='bbox 777 1335 915 1399; x_wconf 89' lang='lat' dir='ltr'>ornatur,</span> <span class='ocrx_word' id='word_1_119' title='bbox 939 1344 976 1387; x_wconf 92' lang='lat' dir='ltr'>eo</span> <span class='ocrx_word' id='word_1_120' title='bbox 999 1346 1054 1404; x_wconf 91' lang='lat' dir='ltr'>per</span> 
     </span>
     <span class='ocr_line' id='line_1_15' title="bbox 89 1412 1067 1490; baseline -0.006 -12"><span class='ocrx_word' id='word_1_121' title='bbox 89 1419 203 1478; x_wconf 86' lang='lat' dir='ltr'>ductus</span> <span class='ocrx_word' id='word_1_122' title='bbox 226 1423 288 1490; x_wconf 88' lang='lat' dir='ltr'>est,</span> <span class='ocrx_word' id='word_1_123' title='bbox 310 1423 343 1475; x_wconf 90' lang='lat' dir='ltr'>ut</span> <span class='ocrx_word' id='word_1_124' title='bbox 363 1415 404 1474; x_wconf 94' lang='lat' dir='ltr'>illi</span> <span class='ocrx_word' id='word_1_125' title='bbox 425 1417 540 1490; x_wconf 88' lang='lat' dir='ltr'>liqueat</span> <span class='ocrx_word' id='word_1_126' title='bbox 554 1423 680 1474; x_wconf 88' lang='lat' dir='ltr'>mortem</span> <span class='ocrx_word' id='word_1_127' title='bbox 697 1414 809 1472; x_wconf 87' lang='lat' dir='ltr'>nullius</span> <span class='ocrx_word' id='word_1_128' title='bbox 825 1412 895 1471; x_wconf 90' lang='lat' dir='ltr'>mali</span> <span class='ocrx_word' id='word_1_129' title='bbox 911 1413 1067 1472; x_wconf 86' lang='lat' dir='ltr'>nrateriam</span> 
     </span>
     <span class='ocr_line' id='line_1_16' title="bbox 88 1496 1068 1574; baseline -0.006 -13"><span class='ocrx_word' id='word_1_130' title='bbox 88 1517 177 1574; x_wconf 88' lang='lat' dir='ltr'>csse,</span> <span class='ocrx_word' id='word_1_131' title='bbox 201 1500 363 1559; x_wconf 90' lang='lat' dir='ltr'>multorum</span> <span class='ocrx_word' id='word_1_132' title='bbox 383 1499 484 1558; x_wconf 79' lang='lat' dir='ltr'>finoni.</span> <span class='ocrx_word' id='word_1_133' title='bbox 518 1499 544 1557; x_wconf 90' lang='lat' dir='ltr'>si</span> <span class='ocrx_word' id='word_1_134' title='bbox 566 1499 697 1557; x_wconf 92' lang='lat' dir='ltr'>animum</span> <span class='ocrx_word' id='word_1_135' title='bbox 714 1496 815 1557; x_wconf 86' lang='lat' dir='ltr'>virtuti</span> <span class='ocrx_word' id='word_1_136' title='bbox 833 1497 1025 1556; x_wconf 83' lang='lat' dir='ltr'>consecravit</span> <span class='ocrx_word' id='word_1_137' title='bbox 1039 1504 1068 1555; x_wconf 85' lang='lat' dir='ltr'>et</span> 
     </span>
     <span class='ocr_line' id='line_1_17' title="bbox 89 1581 1068 1658; baseline -0.006 -14"><span class='ocrx_word' id='word_1_138' title='bbox 89 1598 286 1658; x_wconf 87' lang='lat' dir='ltr'>quacumque</span> <span class='ocrx_word' id='word_1_139' title='bbox 307 1589 398 1643; x_wconf 91' lang='lat' dir='ltr'>vocat</span> <span class='ocrx_word' id='word_1_140' title='bbox 420 1584 485 1656; x_wconf 89' lang='lat' dir='ltr'>illa,</span> <span class='ocrx_word' id='word_1_141' title='bbox 515 1583 638 1657; x_wconf 91' lang='lat' dir='ltr'>planum</span> <span class='ocrx_word' id='word_1_142' title='bbox 658 1588 753 1656; x_wconf 89' lang='lat' dir='ltr'>putat.</span> <span class='ocrx_word' id='word_1_143' title='bbox 784 1583 810 1641; x_wconf 91' lang='lat' dir='ltr'>si</span> <span class='ocrx_word' id='word_1_144' title='bbox 827 1582 942 1642; x_wconf 88' lang='lat' dir='ltr'>sociale</span> <span class='ocrx_word' id='word_1_145' title='bbox 957 1581 1068 1641; x_wconf 91' lang='lat' dir='ltr'>animal</span> 
     </span>
     <span class='ocr_line' id='line_1_18' title="bbox 88 1660 1067 1739; baseline -0.003 -13"><span class='ocrx_word' id='word_1_146' title='bbox 88 1674 121 1727; x_wconf 91' lang='grc' dir='ltr'><strong>ει</strong></span> <span class='ocrx_word' id='word_1_147' title='bbox 134 1669 165 1726; x_wconf 92' lang='lat' dir='ltr'>in</span> <span class='ocrx_word' id='word_1_148' title='bbox 181 1682 340 1726; x_wconf 90' lang='lat' dir='ltr'>commune</span> <span class='ocrx_word' id='word_1_149' title='bbox 354 1667 473 1739; x_wconf 81' lang='lat' dir='ltr'>genitus</span> <span class='ocrx_word' id='word_1_150' title='bbox 489 1660 640 1726; x_wconf 90' lang='lat' dir='ltr'>mundum</span> <span class='ocrx_word' id='word_1_151' title='bbox 650 1674 683 1726; x_wconf 93' lang='lat' dir='ltr'>ut</span> <span class='ocrx_word' id='word_1_152' title='bbox 697 1682 786 1724; x_wconf 90' lang='lat' dir='ltr'>unam</span> <span class='ocrx_word' id='word_1_153' title='bbox 799 1667 932 1726; x_wconf 91' lang='lat' dir='ltr'>omnium</span> <span class='ocrx_word' id='word_1_154' title='bbox 944 1666 1067 1725; x_wconf 91' lang='lat' dir='ltr'>domum</span> 
     </span>
     <span class='ocr_line' id='line_1_19' title="bbox 89 1750 1067 1826; baseline -0.004 -15"><span class='ocrx_word' id='word_1_155' title='bbox 89 1757 220 1826; x_wconf 82' lang='lat' dir='ltr'>spectat,</span> <span class='ocrx_word' id='word_1_156' title='bbox 235 1757 265 1809; x_wconf 90' lang='grc' dir='ltr'><strong>ει</strong></span> <span class='ocrx_word' id='word_1_157' title='bbox 276 1750 493 1810; x_wconf 87' lang='lat' dir='ltr'>conscientiam</span> <span class='ocrx_word' id='word_1_158' title='bbox 506 1766 592 1808; x_wconf 89' lang='lat' dir='ltr'>suam</span> <span class='ocrx_word' id='word_1_159' title='bbox 606 1750 653 1808; x_wconf 87' lang='lat' dir='ltr'>dis</span> <span class='ocrx_word' id='word_1_160' title='bbox 666 1751 785 1822; x_wconf 86' lang='lat' dir='ltr'>aperuit</span> <span class='ocrx_word' id='word_1_161' title='bbox 797 1766 981 1825; x_wconf 88' lang='lat' dir='ltr'>semperque</span> <span class='ocrx_word' id='word_1_162' title='bbox 993 1757 1067 1809; x_wconf 87' lang='lat' dir='ltr'>tam-</span> 
     </span>
     <span class='ocr_line' id='line_1_20' title="bbox 89 1831 1066 1909; baseline -0.002 -16"><span class='ocrx_word' id='word_1_163' title='bbox 89 1850 184 1909; x_wconf 88' lang='lat' dir='ltr'>quam</span> <span class='ocrx_word' id='word_1_164' title='bbox 204 1835 234 1892; x_wconf 92' lang='lat' dir='ltr'>in</span> <span class='ocrx_word' id='word_1_165' title='bbox 254 1833 377 1908; x_wconf 89' lang='lat' dir='ltr'>publico</span> <span class='ocrx_word' id='word_1_166' title='bbox 396 1834 470 1891; x_wconf 89' lang='lat' dir='ltr'>vivit</span> <span class='ocrx_word' id='word_1_167' title='bbox 484 1849 519 1890; x_wconf 91' lang='lat' dir='ltr'>se</span> <span class='ocrx_word' id='word_1_168' title='bbox 532 1831 629 1905; x_wconf 81' lang='lat' dir='ltr'>magis</span> <span class='ocrx_word' id='word_1_169' title='bbox 646 1833 759 1892; x_wconf 88' lang='lat' dir='ltr'>veritus</span> <span class='ocrx_word' id='word_1_170' title='bbox 775 1850 865 1906; x_wconf 87' lang='lat' dir='ltr'>quam</span> <span class='ocrx_word' id='word_1_171' title='bbox 881 1835 973 1893; x_wconf 87' lang='lat' dir='ltr'>alios:</span> <span class='ocrx_word' id='word_1_172' title='bbox 996 1832 1066 1893; x_wconf 93' lang='lat' dir='ltr'>sub·</span> 
     </span>
     <span class='ocr_line' id='line_1_21' title="bbox 89 1914 1067 1990; baseline -0.002 -13"><span class='ocrx_word' id='word_1_173' title='bbox 89 1918 202 1978; x_wconf 90' lang='lat' dir='ltr'>ductus</span> <span class='ocrx_word' id='word_1_174' title='bbox 224 1917 274 1976; x_wconf 91' lang='lat' dir='ltr'>ille</span> <span class='ocrx_word' id='word_1_175' title='bbox 294 1915 525 1990; x_wconf 81' lang='lat' dir='ltr'>tempestatibus</span> <span class='ocrx_word' id='word_1_176' title='bbox 547 1917 576 1974; x_wconf 92' lang='lat' dir='ltr'>in</span> <span class='ocrx_word' id='word_1_177' title='bbox 597 1914 697 1975; x_wconf 92' lang='lat' dir='ltr'>solido</span> <span class='ocrx_word' id='word_1_178' title='bbox 718 1932 753 1974; x_wconf 90' lang='lat' dir='ltr'>ac</span> <span class='ocrx_word' id='word_1_179' title='bbox 772 1932 882 1975; x_wconf 89' lang='lat' dir='ltr'>sereno</span> <span class='ocrx_word' id='word_1_180' title='bbox 899 1917 980 1975; x_wconf 88' lang='lat' dir='ltr'>stetit</span> <span class='ocrx_word' id='word_1_181' title='bbox 995 1932 1067 1976; x_wconf 91' lang='lat' dir='ltr'>con-</span> 
     </span>
     <span class='ocr_line' id='line_1_22' title="bbox 90 1999 1068 2075; baseline -0.003 -14"><span class='ocrx_word' id='word_1_182' title='bbox 90 2001 314 2075; x_wconf 88' lang='lat' dir='ltr'>summavitque</span> <span class='ocrx_word' id='word_1_183' title='bbox 334 2000 492 2060; x_wconf 86' lang='lat' dir='ltr'>scientiam</span> <span class='ocrx_word' id='word_1_184' title='bbox 512 2001 614 2059; x_wconf 88' lang='lat' dir='ltr'>utilem</span> <span class='ocrx_word' id='word_1_185' title='bbox 638 2015 674 2057; x_wconf 90' lang='lat' dir='ltr'>ac</span> <span class='ocrx_word' id='word_1_186' title='bbox 700 1999 916 2058; x_wconf 88' lang='lat' dir='ltr'>necessariam.</span> <span class='ocrx_word' id='word_1_187' title='bbox 950 2000 1068 2072; x_wconf 89' lang='lat' dir='ltr'>reliqua</span> 
     </span>
     <span class='ocr_line' id='line_1_23' title="bbox 89 2084 1066 2144; baseline -0.002 0"><span class='ocrx_word' id='word_1_188' title='bbox 89 2085 314 2144; x_wconf 87' lang='lat' dir='ltr'>oblectamenta</span> <span class='ocrx_word' id='word_1_189' title='bbox 329 2084 381 2143; x_wconf 93' lang='lat' dir='ltr'>otii</span> <span class='ocrx_word' id='word_1_190' title='bbox 397 2092 477 2143; x_wconf 91' lang='lat' dir='ltr'>sunt.</span> <span class='ocrx_word' id='word_1_191' title='bbox 512 2084 595 2142; x_wconf 89' lang='lat' dir='ltr'>Licet</span> <span class='ocrx_word' id='word_1_192' title='bbox 610 2084 688 2142; x_wconf 89' lang='lat' dir='ltr'>enim</span> <span class='ocrx_word' id='word_1_193' title='bbox 703 2084 763 2142; x_wconf 93' lang='lat' dir='ltr'>iam</span> <span class='ocrx_word' id='word_1_194' title='bbox 778 2085 808 2142; x_wconf 93' lang='lat' dir='ltr'>in</span> <span class='ocrx_word' id='word_1_195' title='bbox 823 2091 919 2144; x_wconf 90' lang='lat' dir='ltr'>tutum</span> <span class='ocrx_word' id='word_1_196' title='bbox 935 2089 1066 2143; x_wconf 82' lang='lat' dir='ltr'>retracto</span> 
     </span>
     <span class='ocr_line' id='line_1_24' title="bbox 89 2167 1066 2242; baseline -0.003 -13"><span class='ocrx_word' id='word_1_197' title='bbox 89 2168 194 2229; x_wconf 84' lang='lat' dir='ltr'>animo</span> <span class='ocrx_word' id='word_1_198' title='bbox 210 2168 340 2227; x_wconf 85' lang='lat' dir='ltr'>adhaec</span> <span class='ocrx_word' id='word_1_199' title='bbox 356 2183 480 2242; x_wconf 89' lang='lat' dir='ltr'>quoque</span> <span class='ocrx_word' id='word_1_200' title='bbox 494 2183 672 2241; x_wconf 87' lang='lat' dir='ltr'>excurrere,</span> <span class='ocrx_word' id='word_1_201' title='bbox 692 2170 820 2242; x_wconf 91' lang='lat' dir='ltr'>cultum,</span> <span class='ocrx_word' id='word_1_202' title='bbox 841 2185 902 2228; x_wconf 90' lang='lat' dir='ltr'>non</span> <span class='ocrx_word' id='word_1_203' title='bbox 918 2168 1011 2228; x_wconf 89' lang='lat' dir='ltr'>robur</span> <span class='ocrx_word' id='word_1_204' title='bbox 1022 2167 1066 2226; x_wconf 92' lang='lat' dir='ltr'>in·</span> 
     </span>
     <span class='ocr_line' id='line_1_25' title="bbox 89 2251 381 2327; baseline -0.007 -17"><span class='ocrx_word' id='word_1_205' title='bbox 89 2251 189 2327; x_wconf 77' lang='lat' dir='ltr'>geniis</span> <span class='ocrx_word' id='word_1_206' title='bbox 204 2251 381 2310; x_wconf 80' lang='lat' dir='ltr'>adserenda.</span> 
     </span>
    </p>

    <p class='ocr_par' dir='ltr' id='par_1_4' title="bbox 88 2333 1096 3579">
     <span class='ocr_line' id='line_1_26' title="bbox 154 2333 1096 2411; baseline -0.003 -16"><span class='ocrx_word' id='word_1_207' title='bbox 154 2333 190 2395; x_wconf 93' lang='lat' dir='ltr'>ll.</span> <span class='ocrx_word' id='word_1_208' title='bbox 216 2335 300 2394; x_wconf 86' lang='lat' dir='ltr'>Haec</span> <span class='ocrx_word' id='word_1_209' title='bbox 316 2335 487 2394; x_wconf 87' lang='lat' dir='ltr'>Demetrius</span> <span class='ocrx_word' id='word_1_210' title='bbox 509 2343 612 2394; x_wconf 86' lang='lat' dir='ltr'>noster</span> <span class='ocrx_word' id='word_1_211' title='bbox 625 2344 754 2411; x_wconf 90' lang='lat' dir='ltr'>utraque</span> <span class='ocrx_word' id='word_1_212' title='bbox 771 2345 981 2397; x_wconf 89' lang='lat' dir='ltr'>manutenere</span> <span class='ocrx_word' id='word_1_213' title='bbox 997 2341 1096 2411; x_wconf 92' lang='lat' dir='ltr'>pro-1</span> 
     </span>
     <span class='ocr_line' id='line_1_27' title="bbox 91 2416 1068 2493; baseline -0.001 -15"><span class='ocrx_word' id='word_1_214' title='bbox 91 2418 243 2478; x_wconf 84' lang='lat' dir='ltr'>ficientem</span> <span class='ocrx_word' id='word_1_215' title='bbox 258 2417 350 2476; x_wconf 89' lang='lat' dir='ltr'>iubet.</span> <span class='ocrx_word' id='word_1_216' title='bbox 379 2416 456 2476; x_wconf 87' lang='lat' dir='ltr'>haec</span> <span class='ocrx_word' id='word_1_217' title='bbox 471 2434 621 2493; x_wconf 82' lang='lat' dir='ltr'>nusquam</span> <span class='ocrx_word' id='word_1_218' title='bbox 639 2420 801 2491; x_wconf 88' lang='lat' dir='ltr'>dimittere,</span> <span class='ocrx_word' id='word_1_219' title='bbox 826 2422 915 2480; x_wconf 90' lang='lat' dir='ltr'>immo</span> <span class='ocrx_word' id='word_1_220' title='bbox 933 2420 1068 2492; x_wconf 83' lang='lat' dir='ltr'>adfigere</span> 
     </span>
     <span class='ocr_line' id='line_1_28' title="bbox 90 2500 1066 2576; baseline -0.002 -15"><span class='ocrx_word' id='word_1_221' title='bbox 90 2509 123 2561; x_wconf 91' lang='lat' dir='ltr'>ct</span> <span class='ocrx_word' id='word_1_222' title='bbox 137 2507 253 2576; x_wconf 87' lang='lat' dir='ltr'>partem</span> <span class='ocrx_word' id='word_1_223' title='bbox 269 2501 317 2559; x_wconf 92' lang='lat' dir='ltr'>sui</span> <span class='ocrx_word' id='word_1_224' title='bbox 333 2502 434 2559; x_wconf 86' lang='lat' dir='ltr'>lacere</span> <span class='ocrx_word' id='word_1_225' title='bbox 446 2517 545 2574; x_wconf 88' lang='lat' dir='ltr'>eoque</span> <span class='ocrx_word' id='word_1_226' title='bbox 558 2504 711 2562; x_wconf 84' lang='lat' dir='ltr'>cotidiana</span> <span class='ocrx_word' id='word_1_227' title='bbox 722 2503 917 2562; x_wconf 86' lang='lat' dir='ltr'>meditatione</span> <span class='ocrx_word' id='word_1_228' title='bbox 930 2500 1066 2575; x_wconf 87' lang='lat' dir='ltr'>perduci,</span> 
     </span>
     <span class='ocr_line' id='line_1_29' title="bbox 89 2585 1064 2659; baseline -0.001 -15"><span class='ocrx_word' id='word_1_229' title='bbox 89 2592 124 2644; x_wconf 82' lang='grc' dir='ltr'>ιιι</span> <span class='ocrx_word' id='word_1_230' title='bbox 144 2600 201 2643; x_wconf 88' lang='lat' dir='ltr'>sua</span> <span class='ocrx_word' id='word_1_231' title='bbox 216 2590 327 2659; x_wconf 89' lang='lat' dir='ltr'>sponte</span> <span class='ocrx_word' id='word_1_232' title='bbox 343 2592 504 2645; x_wconf 89' lang='lat' dir='ltr'>occurrant</span> <span class='ocrx_word' id='word_1_233' title='bbox 517 2587 660 2645; x_wconf 86' lang='lat' dir='ltr'>salutaria</span> <span class='ocrx_word' id='word_1_234' title='bbox 674 2594 704 2645; x_wconf 90' lang='lat' dir='ltr'>et</span> <span class='ocrx_word' id='word_1_235' title='bbox 718 2586 832 2659; x_wconf 88' lang='lat' dir='ltr'>ubique</span> <span class='ocrx_word' id='word_1_236' title='bbox 847 2600 883 2643; x_wconf 93' lang='lat' dir='ltr'>ac</span> <span class='ocrx_word' id='word_1_237' title='bbox 899 2585 998 2644; x_wconf 82' lang='lat' dir='ltr'>statim</span> <span class='ocrx_word' id='word_1_238' title='bbox 1015 2586 1064 2643; x_wconf 91' lang='lat' dir='ltr'>de·</span> 
     </span>
     <span class='ocr_line' id='line_1_30' title="bbox 90 2666 1067 2742; baseline 0 -15"><span class='ocrx_word' id='word_1_239' title='bbox 90 2667 227 2728; x_wconf 83' lang='lat' dir='ltr'>siderate</span> <span class='ocrx_word' id='word_1_240' title='bbox 247 2675 370 2742; x_wconf 88' lang='lat' dir='ltr'>praesto</span> <span class='ocrx_word' id='word_1_241' title='bbox 393 2667 452 2726; x_wconf 90' lang='lat' dir='ltr'>sint</span> <span class='ocrx_word' id='word_1_242' title='bbox 473 2675 503 2727; x_wconf 91' lang='lat' dir='ltr'>et</span> <span class='ocrx_word' id='word_1_243' title='bbox 523 2670 589 2728; x_wconf 91' lang='lat' dir='ltr'>sine</span> <span class='ocrx_word' id='word_1_244' title='bbox 611 2685 697 2727; x_wconf 93' lang='lat' dir='ltr'>mora</span> <span class='ocrx_word' id='word_1_245' title='bbox 711 2669 773 2727; x_wconf 86' lang='lat' dir='ltr'>ulla</span> <span class='ocrx_word' id='word_1_246' title='bbox 788 2667 889 2728; x_wconf 87' lang='lat' dir='ltr'>veniat</span> <span class='ocrx_word' id='word_1_247' title='bbox 903 2666 954 2728; x_wconf 88' lang='lat' dir='ltr'>illa</span> <span class='ocrx_word' id='word_1_248' title='bbox 969 2668 1067 2741; x_wconf 90' lang='lat' dir='ltr'>turpis</span> 
     </span>
     <span class='ocr_line' id='line_1_31' title="bbox 89 2749 1066 2825; baseline -0.002 -14"><span class='ocrx_word' id='word_1_249' title='bbox 89 2749 277 2825; x_wconf 88' lang='lat' dir='ltr'>honestique</span> <span class='ocrx_word' id='word_1_250' title='bbox 300 2750 468 2824; x_wconf 91' lang='lat' dir='ltr'>distinctio,</span> <span class='ocrx_word' id='word_1_251' title='bbox 493 2753 569 2811; x_wconf 92' lang='lat' dir='ltr'>sciat</span> <span class='ocrx_word' id='word_1_252' title='bbox 588 2768 644 2811; x_wconf 90' lang='lat' dir='ltr'>nec</span> <span class='ocrx_word' id='word_1_253' title='bbox 665 2751 777 2809; x_wconf 87' lang='lat' dir='ltr'>malum</span> <span class='ocrx_word' id='word_1_254' title='bbox 799 2766 870 2809; x_wconf 90' lang='lat' dir='ltr'>esse</span> <span class='ocrx_word' id='word_1_255' title='bbox 894 2752 987 2810; x_wconf 94' lang='lat' dir='ltr'>ullum</span> <span class='ocrx_word' id='word_1_256' title='bbox 1008 2751 1066 2810; x_wconf 93' lang='lat' dir='ltr'>nisi</span> 
     </span>
     <span class='ocr_line' id='line_1_32' title="bbox 89 2834 1096 2909; baseline -0.003 -15"><span class='ocrx_word' id='word_1_257' title='bbox 89 2842 182 2909; x_wconf 88' lang='lat' dir='ltr'>turpe</span> <span class='ocrx_word' id='word_1_258' title='bbox 197 2849 254 2893; x_wconf 88' lang='lat' dir='ltr'>nec</span> <span class='ocrx_word' id='word_1_259' title='bbox 269 2834 384 2894; x_wconf 91' lang='lat' dir='ltr'>bonum</span> <span class='ocrx_word' id='word_1_260' title='bbox 398 2835 457 2894; x_wconf 91' lang='lat' dir='ltr'>nisi</span> <span class='ocrx_word' id='word_1_261' title='bbox 470 2834 642 2894; x_wconf 88' lang='lat' dir='ltr'>honestum.</span> <span class='ocrx_word' id='word_1_262' title='bbox 678 2835 743 2891; x_wconf 87' lang='lat' dir='ltr'>Hac</span> <span class='ocrx_word' id='word_1_263' title='bbox 758 2836 863 2907; x_wconf 80' lang='lat' dir='ltr'>regula</span> <span class='ocrx_word' id='word_1_264' title='bbox 877 2835 957 2895; x_wconf 90' lang='lat' dir='ltr'>vitae</span> <span class='ocrx_word' id='word_1_265' title='bbox 973 2840 1096 2909; x_wconf 75' lang='lat' dir='ltr'>operaa</span> 
     </span>
     <span class='ocr_line' id='line_1_33' title="bbox 89 2917 1067 2993; baseline -0.001 -16"><span class='ocrx_word' id='word_1_266' title='bbox 89 2917 262 2977; x_wconf 86' lang='lat' dir='ltr'>distribuat.</span> <span class='ocrx_word' id='word_1_267' title='bbox 289 2917 328 2976; x_wconf 89' lang='lat' dir='ltr'>ad</span> <span class='ocrx_word' id='word_1_268' title='bbox 342 2918 422 2977; x_wconf 90' lang='lat' dir='ltr'>hanc</span> <span class='ocrx_word' id='word_1_269' title='bbox 437 2919 534 2991; x_wconf 85' lang='lat' dir='ltr'>legem</span> <span class='ocrx_word' id='word_1_270' title='bbox 550 2927 580 2977; x_wconf 90' lang='grc' dir='ltr'><strong>ει</strong></span> <span class='ocrx_word' id='word_1_271' title='bbox 594 2924 664 2990; x_wconf 82' lang='lat' dir='ltr'>agat</span> <span class='ocrx_word' id='word_1_272' title='bbox 678 2924 787 2975; x_wconf 85' lang='lat' dir='ltr'>cuncta</span> <span class='ocrx_word' id='word_1_273' title='bbox 801 2926 831 2978; x_wconf 89' lang='grc' dir='ltr'><strong>ει</strong></span> <span class='ocrx_word' id='word_1_274' title='bbox 845 2919 947 2993; x_wconf 84' lang='lat' dir='ltr'>exigat</span> <span class='ocrx_word' id='word_1_275' title='bbox 961 2919 1067 2977; x_wconf 91' lang='lat' dir='ltr'>miser·</span> 
     </span>
     <span class='ocr_line' id='line_1_34' title="bbox 88 3000 1066 3077; baseline -0.001 -16"><span class='ocrx_word' id='word_1_276' title='bbox 88 3001 250 3074; x_wconf 84' lang='lat' dir='ltr'>rimasque</span> <span class='ocrx_word' id='word_1_277' title='bbox 272 3001 441 3060; x_wconf 88' lang='lat' dir='ltr'>mortalium</span> <span class='ocrx_word' id='word_1_278' title='bbox 467 3002 593 3071; x_wconf 89' lang='lat' dir='ltr'>iudicet,</span> <span class='ocrx_word' id='word_1_279' title='bbox 621 3001 650 3058; x_wconf 90' lang='lat' dir='ltr'>in</span> <span class='ocrx_word' id='word_1_280' title='bbox 673 3000 928 3077; x_wconf 89' lang='lat' dir='ltr'>quantiscumque</span> <span class='ocrx_word' id='word_1_281' title='bbox 954 3002 1066 3076; x_wconf 90' lang='lat' dir='ltr'>opibus</span> 
     </span>
     <span class='ocr_line' id='line_1_35' title="bbox 89 3082 1066 3160; baseline 0.001 -18"><span class='ocrx_word' id='word_1_282' title='bbox 89 3083 300 3158; x_wconf 77' lang='lat' dir='ltr'>refulgebunt,</span> <span class='ocrx_word' id='word_1_283' title='bbox 317 3085 415 3143; x_wconf 87' lang='lat' dir='ltr'>vcntri</span> <span class='ocrx_word' id='word_1_284' title='bbox 431 3099 467 3142; x_wconf 90' lang='lat' dir='ltr'>ac</span> <span class='ocrx_word' id='word_1_285' title='bbox 483 3083 598 3143; x_wconf 91' lang='lat' dir='ltr'>libidini</span> <span class='ocrx_word' id='word_1_286' title='bbox 611 3082 732 3143; x_wconf 90' lang='lat' dir='ltr'>deditos</span> <span class='ocrx_word' id='word_1_287' title='bbox 746 3100 937 3160; x_wconf 85' lang='lat' dir='ltr'>quorumque</span> <span class='ocrx_word' id='word_1_288' title='bbox 949 3086 1066 3145; x_wconf 84' lang='lat' dir='ltr'>animus</span> 
     </span>
     <span class='ocr_line' id='line_1_36' title="bbox 89 3167 1067 3243; baseline 0.001 -17"><span class='ocrx_word' id='word_1_289' title='bbox 89 3167 179 3226; x_wconf 86' lang='lat' dir='ltr'>inerti</span> <span class='ocrx_word' id='word_1_290' title='bbox 201 3167 262 3227; x_wconf 90' lang='lat' dir='ltr'>otio</span> <span class='ocrx_word' id='word_1_291' title='bbox 284 3174 392 3242; x_wconf 92' lang='lat' dir='ltr'>torpet.</span> <span class='ocrx_word' id='word_1_292' title='bbox 428 3167 515 3227; x_wconf 88' lang='lat' dir='ltr'>Dicat</span> <span class='ocrx_word' id='word_1_293' title='bbox 534 3167 592 3227; x_wconf 89' lang='lat' dir='ltr'>sibi</span> <span class='ocrx_word' id='word_1_294' title='bbox 613 3167 695 3240; x_wconf 87' lang='lat' dir='ltr'>ipse=</span> <span class='ocrx_word' id='word_1_295' title='bbox 718 3168 861 3243; x_wconf 87' lang='lat' dir='ltr'>voluptas</span> <span class='ocrx_word' id='word_1_296' title='bbox 879 3170 995 3243; x_wconf 79' lang='lat' dir='ltr'>fragilis</span> <span class='ocrx_word' id='word_1_297' title='bbox 1011 3177 1067 3242; x_wconf 82' lang='lat' dir='ltr'>cst,</span> 
     </span>
     <span class='ocr_line' id='line_1_37' title="bbox 90 3247 1067 3327; baseline 0.002 -17"><span class='ocrx_word' id='word_1_298' title='bbox 90 3249 211 3323; x_wconf 87' lang='lat' dir='ltr'>brevis,</span> <span class='ocrx_word' id='word_1_299' title='bbox 240 3250 362 3312; x_wconf 90' lang='lat' dir='ltr'>lastidio</span> <span class='ocrx_word' id='word_1_300' title='bbox 386 3251 519 3326; x_wconf 86' lang='lat' dir='ltr'>obiecta,</span> <span class='ocrx_word' id='word_1_301' title='bbox 544 3266 606 3325; x_wconf 82' lang='lat' dir='ltr'>quo</span> <span class='ocrx_word' id='word_1_302' title='bbox 625 3247 747 3310; x_wconf 86' lang='lat' dir='ltr'>avidius</span> <span class='ocrx_word' id='word_1_303' title='bbox 766 3251 879 3313; x_wconf 83' lang='lat' dir='ltr'>hausta</span> <span class='ocrx_word' id='word_1_304' title='bbox 894 3260 956 3327; x_wconf 90' lang='grc' dir='ltr'><strong>εει,</strong></span> <span class='ocrx_word' id='word_1_305' title='bbox 977 3251 1067 3312; x_wconf 90' lang='lat' dir='ltr'>citius</span> 
     </span>
     <span class='ocr_line' id='line_1_38' title="bbox 89 3332 1071 3407; baseline 0 -14"><span class='ocrx_word' id='word_1_306' title='bbox 89 3335 122 3393; x_wconf 89' lang='lat' dir='ltr'>in</span> <span class='ocrx_word' id='word_1_307' title='bbox 146 3334 328 3393; x_wconf 86' lang='lat' dir='ltr'>contrarium</span> <span class='ocrx_word' id='word_1_308' title='bbox 348 3335 505 3407; x_wconf 88' lang='lat' dir='ltr'>recidens,</span> <span class='ocrx_word' id='word_1_309' title='bbox 533 3334 621 3395; x_wconf 84' lang='lat' dir='ltr'>cuius</span> <span class='ocrx_word' id='word_1_310' title='bbox 646 3332 778 3395; x_wconf 88' lang='lat' dir='ltr'>subinde</span> <span class='ocrx_word' id='word_1_311' title='bbox 796 3348 928 3395; x_wconf 82' lang='lat' dir='ltr'>necesse</span> <span class='ocrx_word' id='word_1_312' title='bbox 946 3340 995 3395; x_wconf 82' lang='lat' dir='ltr'>est</span> <span class='ocrx_word' id='word_1_313' title='bbox 1017 3339 1071 3393; x_wconf 85' lang='lat' dir='ltr'>aut</span> 
     </span>
     <span class='ocr_line' id='line_1_39' title="bbox 90 3415 1070 3492; baseline -0.002 -15"><span class='ocrx_word' id='word_1_314' title='bbox 90 3417 248 3492; x_wconf 85' lang='lat' dir='ltr'>poeniteat</span> <span class='ocrx_word' id='word_1_315' title='bbox 266 3425 320 3477; x_wconf 87' lang='lat' dir='ltr'>aul</span> <span class='ocrx_word' id='word_1_316' title='bbox 340 3418 468 3491; x_wconf 87' lang='lat' dir='ltr'>pudeat,</span> <span class='ocrx_word' id='word_1_317' title='bbox 497 3417 527 3478; x_wconf 93' lang='lat' dir='ltr'>in</span> <span class='ocrx_word' id='word_1_318' title='bbox 551 3434 613 3492; x_wconf 85' lang='lat' dir='ltr'>qua</span> <span class='ocrx_word' id='word_1_319' title='bbox 631 3415 706 3477; x_wconf 89' lang='lat' dir='ltr'>nibil</span> <span class='ocrx_word' id='word_1_320' title='bbox 857 3416 992 3477; x_wconf 76' lang='lat' dir='ltr'>&#39;uilicum</span> <span class='ocrx_word' id='word_1_321' title='bbox 1015 3421 1070 3475; x_wconf 87' lang='lat' dir='ltr'>aut</span> 
     </span>
     <span class='ocr_line' id='line_1_40' title="bbox 91 3496 1069 3579; baseline -0.003 -19"><span class='ocrx_word' id='word_1_322' title='bbox 91 3499 179 3576; x_wconf 90' lang='lat' dir='ltr'>quod</span> <span class='ocrx_word' id='word_1_323' title='bbox 200 3506 337 3560; x_wconf 75' lang='lat' dir='ltr'>naturam</span> <span class='ocrx_word' id='word_1_324' title='bbox 355 3500 487 3561; x_wconf 87' lang='lat' dir='ltr'>hominis</span> <span class='ocrx_word' id='word_1_325' title='bbox 508 3502 557 3563; x_wconf 87' lang='lat' dir='ltr'>dis</span> <span class='ocrx_word' id='word_1_326' title='bbox 578 3516 656 3579; x_wconf 83' lang='lat' dir='ltr'>prox</span> <span class='ocrx_word' id='word_1_327' title='bbox 935 3496 1069 3574; x_wconf 82' lang='lat' dir='ltr'>humilis,</span> 
     </span>
    </p>
   </div>
   <div class='ocr_carea' id='block_1_4' title="bbox 0 0 1189 3840">
    <p class='ocr_par' dir='ltr' id='par_1_5' title="bbox 0 0 1189 3840">
     <span class='ocr_line' id='line_1_41' title="bbox 0 0 1189 3840; baseline 0 0"><span class='ocrx_word' id='word_1_328' title='bbox 0 0 1189 3840; x_wconf 95' lang='lat' dir='ltr'> </span> 
     </span>
    </p>
   </div>
  </div>
 </body>
</html>
