2364 3840
285 176 426 236 uarun.
442 174 604 248 ouansr.
623 174 695 234 ure.
709 177 745 233 u.
766 184 809 238 ss.
826 186 869 240 so.
1003 178 1065 242 211

92 335 305 387 contemneres
319 342 401 396 eum,
425 324 477 400 qui
494 325 571 383 inter
586 326 737 400 perituros
753 326 936 388 constitutus
951 329 1066 390 benefi-

91 411 129 469 cii
144 410 214 470 loco
229 415 361 485 peteret,
376 416 410 468 ut
424 408 546 467 ultimus
563 407 713 467 cervicem
725 410 904 482 praeberet?
923 411 1006 471 Idem
1022 414 1036 471 i
1055 446 1065 455 -

90 493 206 553 cimus=
227 506 337 566 magno
358 492 553 551 aestimamus
574 491 691 552 tardius
706 494 792 552 mori.
820 493 854 551 ln
870 509 977 553 omnes
994 504 1099 558 con-8

91 575 228 636 stitutum
249 582 297 634 est
316 573 445 649 capitale
465 575 648 649 supplicium
669 580 699 634 et
712 575 834 650 quidem
850 577 1066 639 constitutione

89 657 272 726 iustissima,
297 674 382 729 narn,
408 658 493 732 quod
512 673 654 732 magnum
676 660 755 718 solet
769 674 840 718 esse
855 659 996 720 solatium
1013 677 1065 720 ex-

88 749 188 802 trema
202 742 356 816 passuris,
375 757 504 815 quorum
518 743 622 801 ecdem
635 756 745 815 causa,
762 748 792 801 et
804 758 874 802 sors
885 743 1065 807 eademest.

56 852 61 857 ·
90 824 123 885 Si
147 839 347 899 sequeremur
366 824 465 883 traditi
483 840 501 882 a
521 825 621 883 iudice
642 831 694 883 aut
710 825 903 900 magistratu,
930 826 1065 888 carnifici

89 916 197 968 nostro
218 915 443 982 praestaremus
466 907 663 982 obsequium:
686 908 759 983 quid
781 910 907 970 interest
926 910 964 968 ad
985 928 1064 971 mor-

89 1000 150 1051 tem
167 991 245 1051 inssi
261 1006 365 1050 eamus
380 1006 418 1048 an
434 989 516 1049 nati?
545 989 568 1049 0
589 997 619 1049 te
635 990 804 1055 dementem
820 1001 849 1053 et
864 992 990 1062 oblitum
1005 997 1063 1054 tra·
1080 1005 1098 1058 9

88 1075 210 1149 gilitatis
226 1082 312 1147 tuae,
329 1074 356 1132 si
372 1081 442 1132 tunc
456 1079 584 1132 mortem
598 1073 701 1144 times,
725 1088 792 1132 cum
808 1082 907 1135 tonat!
936 1077 1020 1137 itane
1034 1079 1063 1137 in

87 1158 148 1218 hoc
164 1159 248 1218 salus
264 1164 314 1215 tua
327 1157 473 1216 vertiturt
494 1157 598 1227 vives,
614 1156 640 1214 si
655 1156 767 1216 fulmen
780 1155 945 1231 effugerisr
964 1161 1064 1235 Repe-

87 1248 130 1301 tet
144 1247 174 1300 te
189 1240 317 1315 gladius,
335 1246 417 1314 petet
434 1237 528 1314 lapis,
545 1239 655 1314 perdet
668 1237 752 1297 bilis:
776 1254 836 1297 non
850 1242 1012 1300 maximum
1025 1260 1064 1302 ex

89 1325 233 1398 periculis
249 1323 324 1395 tuis,
341 1322 397 1382 sed
412 1322 677 1397 speciosissimum
691 1322 803 1380 tulmen
818 1329 873 1381 est.
900 1322 980 1384 Male
1002 1327 1108 1386 sci-10

88 1408 159 1468 licet
178 1415 278 1467 actum
302 1406 358 1466 erit
378 1413 492 1478 tecum,
514 1406 541 1465 si
561 1421 686 1466 sensum
707 1405 812 1465 mortis
839 1412 910 1465 tuae
925 1407 1064 1467 celeritas

87 1491 206 1551 infinita
227 1489 417 1565 praeveniet,
441 1490 467 1548 si
487 1505 570 1549 mors
592 1499 644 1550 tue
665 1496 860 1563 procuratur,
886 1489 916 1548 si
933 1505 971 1547 ne
992 1498 1064 1551 tnnc

89 1573 228 1649 quidem,
253 1589 322 1633 curn
343 1573 499 1647 exspiras,
520 1588 748 1647 supervacuus,
775 1572 831 1632 sed
851 1573 979 1634 alicuius
1001 1590 1063 1633 rna-

88 1672 167 1732 gnae
188 1657 233 1727 rei
254 1656 373 1731 signum
395 1671 438 1715 es.
470 1654 550 1714 Male
572 1656 687 1715 scilieet
700 1656 798 1729 agitur
812 1663 926 1730 tecum,
953 1657 1064 1717 sicum

88 1739 215 1801 fulmine
230 1740 382 1800 conderis.
412 1739 474 1798 Sed
490 1739 632 1812 pavescis
655 1740 693 1797 ad
715 1739 792 1798 coeli
814 1741 965 1814 fragorem
981 1749 1010 1800 et
1025 1742 1104 1802 adli

87 1823 180 1900 inane
195 1821 332 1885 nubilum
345 1822 481 1898 trepidas
498 1828 542 1895 et,
565 1821 705 1894 quotiens
727 1822 842 1894 aliquid
862 1823 989 1896 effulsit,
1011 1839 1062 1882 ex-

88 1908 200 1983 spiras.
240 1906 315 1981 qnid
339 1911 434 1980 ergol
465 1903 623 1963 honestius
645 1912 734 1977 putas
761 1903 938 1975 desectione
962 1907 1064 1979 perire

88 2005 182 2067 quam
203 1990 347 2050 fulminet
380 2005 417 2049 eo
439 1989 542 2060 itaque
564 1986 670 2046 tortior
691 1986 840 2045 adversus
864 1987 941 2046 coeli
965 1987 1063 2047 minas

90 2088 183 2148 surge
199 2079 243 2146 et,
265 2088 333 2132 cum
348 2072 483 2146 undique
498 2070 629 2129 mundus
652 2070 780 2140 exarsit,
808 2071 908 2142 cogita
923 2069 996 2129 nihil
1009 2069 1062 2129 ha-

88 2158 163 2218 bere
178 2165 206 2216 te
221 2153 304 2216 tanta
318 2163 415 2216 morte
431 2153 629 2228 perdendum.
667 2151 754 2225 Quod
771 2152 798 2211 si
814 2152 864 2212 tibi
883 2153 984 2227 parari
999 2168 1063 2213 cre-
1073 2159 1105 2211 ln

88 2241 139 2303 dis
160 2240 241 2301 illam
263 2238 341 2300 coeli
363 2236 594 2309 confusionem,
615 2236 696 2294 illam
717 2242 930 2312 tempestatum
945 2237 1059 2298 discor-

88 2325 184 2397 diam,
202 2323 228 2384 si
243 2330 367 2398 propter
381 2328 410 2380 te
424 2321 561 2395 ingestae
576 2319 745 2392 inlisaeque
757 2321 855 2380 nubes
866 2327 1019 2394 strepunt,
1036 2323 1063 2381 si

88 2408 119 2466 in
140 2415 226 2468 tuum
248 2407 372 2466 exitium
391 2410 474 2463 tanta
493 2403 606 2477 ignium
623 2403 669 2461 vis
685 2405 848 2462 excutitur:
872 2410 902 2460 at
917 2411 948 2462 tu
962 2403 1062 2462 solatii

87 2491 158 2550 loco
183 2505 308 2549 numera
328 2488 401 2548 tanti
417 2500 488 2544 esse
508 2493 634 2544 mortem
654 2492 755 2544 tuam..
768 2485 829 2543 Sed
847 2500 907 2544 non
924 2487 979 2543 erit
992 2484 1062 2543 huic
1072 2489 1105 2542 13

89 2566 266 2648 cogitationi
286 2573 389 2632 loeus:
412 2584 504 2628 casus
520 2569 577 2627 iste
593 2569 686 2627 donat
700 2574 813 2626 metum
828 2574 857 2625 et
870 2565 947 2624 inter
961 2573 1063 2624 cetera

88 2655 148 2716 hoc
170 2670 295 2729 quoque
319 2651 512 2714 commodum
533 2657 581 2709 est
601 2651 682 2722 eius,
705 2651 788 2724 quod
803 2649 1061 2722 exspectationem

89 2754 178 2799 suam
193 2738 353 2797 antecedit.
381 2735 476 2794 Nemo
493 2750 634 2807 umquam
651 2731 746 2792 timuit
760 2732 887 2803 iulmen,
904 2729 963 2791 nisi
978 2731 1062 2805 quod

90 2820 207 2900 elingit.
353 2866 376 2918 ί,
