2364 3840
258 183 398 242 NATUR.
415 181 577 255 QUAEST.
599 181 671 240 LIB.
684 181 737 240 vl.
759 188 892 242 30—32.
1005 180 1068 244 295

92 333 246 409 erexerit?
276 332 348 406 quid
369 338 415 391 est
436 331 530 401 enim,
560 346 615 391 cur
634 346 692 404 ego
713 330 864 390 hominem
888 339 940 392 aut
962 333 1067 408 leram,

91 410 166 490 quid
188 422 235 489 est
256 430 309 474 cur
329 416 467 489 sagittam
488 423 517 474 et
538 415 674 474 lanceam
700 421 851 473 tremam?
882 414 998 474 maiora
1018 432 1067 475 me

93 498 228 573 pericula
249 506 445 572 exspectant:
473 496 647 559 fulminibus
669 505 699 558 et
718 498 806 558 terris
828 506 857 558 et
879 499 997 571 magnis
1016 516 1067 559 ua-

91 590 177 642 turae
198 582 336 656 partibus
356 583 494 656 petimur.
530 580 646 656 Ingenti
667 581 770 655 itaque
786 582 885 640 animo
901 597 983 642 mors
999 592 1098 657 pro-3

91 667 233 725 vocanda
250 673 312 737 est,
334 665 400 724 sive
415 680 471 724 nos
486 680 587 739 aequo
602 670 751 738 vastoque
765 665 870 739 inpetu
883 665 1067 740 adgreditur,

93 749 160 808 sive
176 748 329 809 cotidiano
345 756 375 809 ει
389 749 505 823 volgari
520 749 611 808 exitu.
640 747 714 808 nihil
730 749 837 823 relert,
860 765 950 822 quam
966 750 1068 808 minax

91 833 193 891 venial
209 839 417 906 quantumque
432 833 484 905 sit,
501 831 583 906 quod
600 832 629 890 in
645 848 703 891 nos
714 832 830 893 trahat:
853 833 936 906 quod
949 848 967 892 a
979 833 1067 892 nobis

91 917 174 989 petit,
191 916 343 975 minimum
357 921 413 974 est.
433 914 493 974 hoc
504 923 647 975 senectus
659 931 678 973 a
688 916 777 975 nobis
790 916 927 977 ablatura
938 923 993 988 est,
1008 917 1068 976 hoc

91 999 246 1059 auriculae
262 998 364 1070 dolor,
387 998 446 1058 hoc
461 998 595 1058 humoris
610 999 639 1057 in
655 998 745 1058 nobis
761 1000 896 1074 corrupti
911 999 1068 1059 abundan-

90 1082 148 1153 tia,
169 1082 229 1142 hoc
251 1082 336 1141 cibus
360 1097 467 1156 parum
483 1083 660 1155 obsequens
677 1082 850 1155 stomacho,
873 1083 933 1143 hoc
951 1099 1007 1158 pes
1027 1084 1068 1142 le-

93 1166 169 1224 viter
184 1164 333 1225 offensus.
356 1164 467 1224 Pusillo
481 1180 532 1225 res
548 1171 595 1224 est
609 1165 740 1226 hominis
758 1166 872 1238 anima,
889 1166 1098 1241 sed-ingensr

90 1264 141 1307 res
163 1256 355 1324 contemptus
375 1249 509 1308 animae:
538 1249 618 1307 hanc
638 1249 689 1323 qui
716 1250 912 1322 contempsit,
940 1265 1068 1309 securus

91 1332 207 1392 videbit
231 1333 325 1391 maria
356 1332 488 1404 turbari,
520 1333 637 1392 etiamsi
663 1334 714 1391 illa
739 1347 845 1391 omnes
871 1333 1069 1392 excitaverint

90 1416 187 1487 venti,
216 1414 334 1475 etiamsi
353 1423 457 1475 aestus
478 1416 580 1489 aliqua
601 1416 827 1490 perturbatione
848 1416 952 1475 mundi
972 1423 1068 1475 totum

91 1499 120 1556 in
137 1505 232 1558 terras
248 1497 371 1559 verterit
387 1514 545 1558 oceanum.
575 1515 702 1560 securus
718 1497 869 1573 adspiciet
883 1500 1067 1559 fulminantis

91 1582 168 1640 coeli
189 1590 304 1642 trucem
321 1589 412 1657 atque
425 1583 580 1642 horridam
596 1584 719 1655 faciem,
743 1585 899 1655 frangatur
913 1583 982 1643 licet
997 1598 1067 1642 coe·

90 1665 152 1723 lum
175 1673 204 1725 et
223 1666 310 1739 ignes
332 1681 407 1726 suos
429 1666 459 1722 in
480 1666 603 1726 exitium
625 1667 773 1739 omnium,
802 1667 832 1725 in
854 1666 959 1741 primis
978 1683 1066 1726 suum

91 1749 227 1808 misceat.
256 1764 384 1807 securus
407 1747 556 1820 adspiciet
575 1751 672 1821 ruptis
695 1751 886 1824 conpagibus
904 1749 1067 1809 dehiscens

91 1833 205 1903 solum,
228 1832 278 1891 illa
294 1831 363 1890 licet
378 1831 543 1890 interorum
557 1847 652 1904 regna
662 1839 846 1905 retegantur.
870 1833 962 1891 stabit
973 1850 1069 1908 super

90 1915 170 1973 illam
192 1913 369 1988 voraginem
388 1914 555 1988 intrepidus
571 1921 600 1972 et
615 1914 747 1973 fortasse
763 1931 824 1988 quo
841 1915 931 1974 debet
946 1916 1065 1987 cadere,
1160 1936 1162 1940 ⁴

90 1997 220 2057 desiliet.
257 1996 333 2070 Quid
354 1997 471 2067 adme,
496 2014 585 2070 quam
604 1997 664 2056 sint
679 2012 802 2071 magna,
826 1996 938 2070 quibus
953 2006 1095 2071 percote

90 2081 192 2155 ipsum
213 2081 313 2155 perire
333 2098 393 2142 non
409 2088 457 2140 est
471 2096 621 2155 magnum.
650 2079 780 2156 proinde
796 2080 822 2138 si
838 2081 980 2147 volumus
995 2096 1067 2140 esse

91 2163 211 2236 felices,
242 2166 267 2223 si
289 2181 345 2224 nec
364 2165 518 2225 hominum
539 2180 597 2224 nec
617 2165 742 2224 deorum
764 2179 821 2223 nec
842 2179 941 2225 rerum
959 2164 1067 2224 timore

90 2247 222 2319 versari,
246 2248 272 2306 si
284 2247 445 2323 despicere
460 2250 610 2309 fortunam
625 2264 819 2324 supervacua
834 2249 1066 2326 promittentem,

89 2331 168 2389 levia
190 2330 389 2405 minitantem,
414 2333 440 2390 si
463 2333 605 2392 volumus
626 2331 789 2408 tranquille
810 2332 922 2407 degere
940 2340 969 2392 et
988 2331 1065 2407 ipsis

89 2413 138 2472 dis
160 2415 198 2472 de
220 2412 361 2472 felicitate
376 2417 615 2475 controversiam
631 2432 737 2490 agere,
759 2417 858 2475 anima
875 2417 904 2474 in
921 2417 1065 2489 expedito

89 2504 138 2556 est
157 2495 314 2556 habenda:
338 2498 404 2556 sive
425 2496 506 2557 illam
523 2497 652 2558 insidiae
667 2499 733 2558 sive
747 2499 845 2558 morbi
860 2505 977 2572 petent,
1001 2497 1067 2557 sive

89 2579 222 2639 hostium
241 2580 332 2655 gladii
347 2581 413 2640 sive
427 2579 594 2641 insularum
607 2582 778 2641 cadentium
792 2582 895 2655 fragor
906 2581 972 2642 sive
984 2580 1067 2656 ipsa-

88 2679 155 2722 rum
171 2665 259 2724 ruiua
273 2672 419 2724 terrarum
435 2665 502 2724 sive
517 2673 605 2725 vasta
620 2664 667 2724 vis
682 2663 796 2738 ignium
808 2665 900 2725 urbes
913 2680 1067 2739 agrosque

89 2747 156 2820 pari
173 2749 260 2808 clade
273 2749 439 2823 conplexa,
456 2749 508 2822 qui
522 2749 602 2809 volet
613 2748 708 2821 illam,
724 2748 860 2822 accipiat.
896 2748 972 2822 Quid
986 2747 1096 2808 aliudc

88 2830 188 2890 debeo
198 2848 287 2906 quam
300 2839 461 2892 exeuntem
473 2831 586 2892 hortari
599 2834 628 2892 et
639 2846 706 2890 cum
718 2831 807 2891 bonis
820 2831 971 2891 ominibus
983 2832 1066 2893 emit·

89 2920 168 2972 tere:
201 2917 300 2988 „vade
323 2914 446 2988 sortiter,
473 2915 553 2974 vade
573 2915 740 2974 felicitert“
769 2912 847 2973 Nihil
869 2915 1065 2988 dubitaveris,

88 2996 276 3058 reddideris:
298 3016 359 3058 non
382 2999 483 3071 dere,
506 2998 563 3058 sed
579 2999 617 3057 de
630 3005 768 3071 tempore
783 3005 831 3058 est
846 2999 995 3073 quaestio.
1022 3001 1066 3058 ia·

88 3078 134 3138 cis
157 3082 240 3153 quod
261 3083 447 3157 quandoque
471 3081 644 3141 iaciendum
665 3087 721 3140 est.
752 3097 809 3141 nec
830 3082 988 3157 rogaveris
1009 3096 1067 3141 nec

88 3163 225 3224 timueris
247 3180 304 3224 nec
325 3172 354 3225 te
376 3165 510 3225 velutin
530 3163 655 3238 aliquod
671 3165 781 3224 malum
796 3166 946 3227 exiturum
960 3165 1065 3225 tuleris

88 3253 185 3308 retro:
208 3263 309 3307 rerum
330 3254 438 3308 natura
458 3255 502 3322 te,
526 3265 606 3323 quae
620 3248 737 3322 genuit,
760 3257 920 3324 exspectat
936 3257 965 3309 et
978 3249 1066 3309 locus

88 3330 196 3390 melior
210 3346 248 3391 ac
260 3330 359 3390 tutior.
381 3331 444 3390 lllic
456 3348 518 3392 non
529 3337 660 3393 tremunt
669 3337 767 3393 terrac
780 3350 837 3394 nec
849 3335 926 3393 inter
938 3348 973 3391 se
984 3331 1095 3394 rentii

88 3429 157 3472 eum
178 3430 289 3490 magno
317 3411 480 3474 nubiumi
548 3431 587 3476 ue
611 3425 809 3489 concurrunt,
837 3432 899 3476 non
924 3413 1066 3475 incendia
