2364 3840
283 179 334 240 DE
355 179 567 240 BENEFlclls
588 182 660 241 LIB.
674 182 725 239 lv.
749 189 869 243 11-13.
910 129 912 131 ι
1024 180 1065 246 67

87 330 267 401 insolubile,
284 345 352 388 cum
368 330 516 389 creditum
532 331 646 390 nullum
661 347 721 390 non
738 331 816 391 solvi
833 339 885 392 aut
899 331 999 407 possit
1014 341 1066 394 aut

55 467 57 471 ,
89 416 209 475 debeat.
244 413 333 472 Adeo
354 413 536 472 beneficium
558 413 694 473 utilitatis
720 431 816 474 causa
841 415 976 475 dandum
1002 426 1096 478 nona

90 505 152 570 est,
174 504 207 556 ut
222 512 332 571 saepe,
355 497 611 569 quemadmodum
626 497 703 568 dixi,
726 514 794 557 curn
809 499 922 559 damno
944 495 995 559 aut
1012 516 1064 575 pe-

88 583 184 642 riculo
201 581 335 639 dandum
351 580 398 639 sit.
423 578 474 639 Sic
488 579 657 640 latronibus
671 580 908 643 circumventum
921 584 1064 656 delendo,

88 673 123 725 ut
136 673 200 724 tuto
216 664 346 723 transire
362 664 560 738 permittatur.
596 680 681 724 reum
696 666 793 739 gratia
815 667 1003 726 laborantem
1020 674 1064 726 tu-

90 766 144 810 eor
165 756 195 808 ει
216 747 371 806 hominum
400 747 567 821 potentium
601 749 763 808 lactionem
784 750 813 807 in
839 766 888 809 mc
910 758 1066 823 conventu,

91 848 169 908 quas
185 832 226 890 illi
243 831 405 891 detraxero
423 831 548 901 sordes,
572 831 629 890 sub
646 832 875 892 accusatoribus
891 834 990 893 isdem
1006 835 1066 892 lor-

90 925 174 976 tasse
189 921 382 989 sumptnrus‚
406 929 476 974 cum
500 913 583 973 abire
604 915 635 971 in
658 924 773 989 partem
798 918 923 976 alteram
946 918 1065 990 possim
1104 936 1108 943 ·

91 1007 121 1059 ct
135 1015 264 1058 securus
282 1002 423 1072 spectare
439 999 538 1057 aliena
554 1001 727 1056 certamina.
760 1001 900 1074 spondeo
916 1017 972 1074 pro
988 999 1065 1058 iudi-
1080 1013 1098 1067 3

91 1090 163 1142 cato
183 1089 214 1141 et
234 1081 396 1155 suspensis
413 1081 503 1139 amici
522 1079 612 1140 bonis
633 1082 766 1141 libellum
787 1083 886 1142 deicio
910 1084 1066 1143 creditori-

90 1166 150 1225 bus
167 1166 233 1224 eius
249 1181 297 1223 me
312 1162 510 1238 obligaturus.
532 1172 565 1222 ut
580 1165 698 1238 possim
713 1181 838 1224 servare
849 1168 1066 1240 proscriptum,

90 1250 161 1325 ipsc
176 1247 408 1323 proscriptionis
430 1248 600 1322 periculum
622 1248 710 1307 adeo.
746 1248 842 1308 Nemo
862 1251 1067 1309 Tusculanum

91 1343 144 1395 aut
159 1333 343 1392 Tiburtinum
360 1337 521 1405 paraturus
538 1331 723 1391 salubritatis
741 1347 835 1390 causa
850 1341 879 1392 et
896 1334 1003 1393 aestivi
1019 1348 1067 1391 sc·

92 1435 202 1477 cessus
219 1423 312 1491 quoto
328 1431 428 1474 annno
450 1422 608 1489 empturus
630 1415 668 1474 sit
690 1415 839 1490 disputat:
863 1432 931 1475 cum
953 1417 1067 1488 emerit,

93 1502 237 1568 tuendum
253 1506 310 1559 ost.
346 1499 462 1557 Eadem
488 1499 517 1558 in
541 1497 691 1558 beneficio
718 1500 794 1559 ratio
822 1501 877 1558 est.
912 1516 980 1558 nam
1000 1508 1099 1560 cum4

90 1583 344 1658 interrogaveris
372 1583 444 1656 quid
471 1583 597 1655 reddat,
621 1583 834 1657 respondebo:
856 1584 969 1642 bonam
994 1599 1066 1643 con-

92 1669 260 1728 scientiam.
299 1666 376 1737 Quid
400 1666 510 1725 reddat
534 1666 736 1725 beneficium?
771 1667 819 1725 die
836 1675 867 1726 tu
881 1667 970 1740 mihi,
994 1664 1068 1741 quid

91 1750 204 1808 reddat
222 1748 349 1819 iustitia,
374 1747 448 1819 quid
463 1748 650 1821 innocentia,
673 1750 745 1823 quid
768 1751 943 1823 magnitudo
967 1751 1068 1821 animi,

94 1832 168 1907 quid
192 1829 351 1906 pudicitia,
375 1827 449 1902 quid
470 1832 684 1904 temperantia,
707 1833 731 1890 si
757 1832 921 1906 quicquam
946 1841 1068 1908 praeter

93 1918 195 1991 ipsas,
217 1917 299 1990 apros
316 1928 377 1971 non
397 1913 487 1984 petis.
520 1913 553 1970 ln
570 1913 643 1986 quid
664 1915 796 1974 mundus
813 1917 899 1974 vices
921 1934 994 1976 suas
1016 1916 1067 1974 ab·
1084 1931 1100 1983 5

93 1999 206 2060 soluit?
228 1999 258 2056 in
283 1996 356 2071 quid
378 1997 426 2055 sol
455 1996 535 2054 diem
558 1996 694 2056 extendit
713 2004 743 2056 ct
766 1997 934 2056 contrahit?
969 1999 1069 2057 omnia

93 2085 151 2143 ista
167 2080 318 2142 beneficia
333 2086 413 2138 sunt.
438 2080 513 2138 fiunt
528 2080 606 2138 enim
619 2079 708 2139 nobis
720 2081 888 2155 profutura.
909 2080 1068 2155 Quomodo

92 2166 199 2228 mundi
215 2163 350 2225 officium
366 2170 414 2222 est
429 2164 636 2238 circumagere
650 2180 750 2223 rerum
768 2164 919 2239 ordinem,
942 2181 1069 2241 quomo·
1111 2230 1114 2233 ,

93 2252 134 2311 do
152 2248 243 2323 solis,
265 2248 334 2307 loca
347 2254 463 2306 mutare
485 2247 650 2322 exquibus
672 2248 798 2321 oriatur,
821 2249 850 2306 in
874 2267 953 2323 quac
972 2249 1068 2322 cedat,

94 2343 125 2394 et
138 2333 216 2392 hacc
232 2332 376 2391 salutaria
390 2331 481 2390 nobis
499 2333 600 2391 lacere
615 2332 681 2391 sine
697 2333 848 2406 praemio:
869 2333 910 2392 ita
924 2333 982 2393 viri
1000 2332 1067 2390 olfi-

96 2419 177 2476 eium
192 2422 240 2474 est
253 2416 330 2473 inter
347 2415 406 2473 alia
419 2421 449 2473 et
463 2414 645 2474 beneficium
667 2417 749 2476 dare.
788 2415 887 2489 Quare
908 2433 981 2490 ergo
997 2416 1069 2474 datt

95 2515 136 2558 nc
151 2514 212 2558 non
228 2499 292 2569 det,
315 2513 353 2556 ne
369 2498 565 2558 occasionem
579 2498 790 2559 benefaciendi
809 2499 925 2572 perdat.

159 2581 236 2641 XIII.
255 2581 354 2641 Vobis
376 2582 516 2656 voluptas
542 2588 590 2641 cst
610 2582 714 2642 inertis
741 2581 807 2653 otii,
831 2582 933 2638 lacere
959 2596 1101 2654 corpu-1
1161 2593 1167 2607 ⁸

96 2666 215 2727 sculum
230 2672 260 2725 ct
274 2665 466 2725 securitatem
485 2665 594 2738 sopitis
610 2664 791 2724 simillimam
806 2664 952 2737 adpetere
968 2672 997 2722 et
1013 2664 1069 2722 sub

96 2752 195 2810 densa
209 2750 316 2809 umbra
330 2749 447 2809 latitare
464 2749 697 2822 tenerrimisque
719 2746 967 2821 cogitationibus,
992 2763 1069 2821 quas

95 2833 341 2907 tranquillitatem
357 2833 488 2906 vocatis,
513 2831 605 2890 animi
620 2830 782 2889 marcentis
798 2828 951 2890 oblectare
966 2839 1070 2905 torpo-

94 2933 160 2976 rem
178 2925 207 2976 et
223 2915 298 2974 cibis
315 2916 554 2990 potionibusque
569 2914 648 2974 intra
661 2913 818 2973 hortorum
836 2912 981 2974 latebram
1004 2930 1070 2974 cor-

75 3032 78 3035 ·
96 3017 175 3076 pora
190 2999 312 3073 ignavia
331 3000 475 3073 pallentia
491 2998 647 3072 saginare:
671 2999 760 3057 nobis
774 2998 916 3072 voluptas
932 3006 980 3058 est
996 2999 1101 3058 darei

95 3083 248 3143 beneficia
263 3083 312 3140 vel
328 3083 498 3155 laboriosa,
520 3081 592 3140 dum
607 3082 733 3140 aliorum
754 3081 875 3142 labores
893 3084 1003 3155 levent,
1020 3082 1071 3140 vel

97 3169 288 3244 periculosa,
312 3165 383 3224 dum
407 3167 484 3225 alios
507 3166 651 3239 periculis
675 3166 847 3237 extrahant,
870 3167 920 3224 vel
934 3167 1070 3225 rationes

96 3259 220 3312 nostras
235 3249 452 3328 adgravatam,
476 3250 547 3307 dum
567 3249 694 3308 aliorum
709 3251 908 3309 necessitates
930 3256 959 3308 ει
976 3264 1070 3321 angu-

97 3334 173 3395 stias
189 3337 299 3394 laxent.
336 3331 415 3405 Quid
436 3347 504 3390 mea
527 3332 652 3393 interest
672 3350 710 3392 an
732 3333 877 3407 recipiam
902 3330 1105 3390 beneficiato

97 3418 188 3479 etiam
203 3434 271 3477 oum
285 3432 449 3490 recepero,
474 3416 574 3475 danda
590 3424 669 3477 sunt.
705 3416 893 3476 Beneficium
910 3416 975 3473 eius
989 3429 1070 3471 com·

867 3497 907 3558 5*
