2364 3840
157 184 223 249 304
447 184 481 243 L.
502 184 648 243 ANNAEI
670 182 846 243 SENECAE

160 337 270 413 quibas
285 336 313 394 in
330 350 444 395 nrorem
459 334 572 393 barbae
587 332 711 393 flamma
721 334 890 409 dependet,
904 341 934 394 el
945 350 1066 411 eorum,
1083 336 1137 415 qai

158 421 293 493 undique
315 420 395 478 circa
416 434 450 477 εε
466 418 548 478 velut
562 434 679 478 comam
694 426 855 493 spargunt,
877 424 1044 493 eteorum,
1068 420 1132 497 qni-

158 507 216 565 bas
232 506 319 562 lusus
336 504 458 576 quidem
474 510 522 561 cst
535 502 630 576 ignis,
652 502 752 562 sedin
768 502 911 561 verticem
926 503 1072 576 tendens,
1092 514 1132 565 ta-

158 606 225 647 meu
244 588 292 646 isti
309 601 413 647 omnes
430 586 566 645 eiusdem
583 593 673 645 troiae
687 593 760 645 sunt
773 593 973 661 cometaeque
988 595 1072 647 recte
1089 588 1131 649 di·

126 680 143 733 3
158 679 275 730 rantur.
305 685 432 743 auroram
448 684 515 728 cum
533 676 604 744 post
619 670 742 743 longum
756 675 877 744 tempus
892 670 1063 744 adpareant
1073 672 1131 731 lor-

157 773 240 827 mae,
263 756 339 812 inter
360 769 395 811 se
415 768 471 812 ees
493 768 663 827 conparare
683 752 808 813 dllflcile
822 760 883 814 est:
905 753 957 815 illo
974 754 1044 829 ipso
1060 764 1130 816 lem-

160 855 249 914 pore,
272 852 333 911 quo
356 835 519 909 adparent,
546 834 623 895 iuter
643 844 818 911 spectantes
833 837 872 896 de
888 836 992 897 habitu
1012 839 1130 900 illorum

159 940 217 981 non
234 919 388 990 convenit,
411 920 466 977 sed
482 928 572 993 prout
588 920 699 995 cuique
714 922 814 981 aerior
826 920 910 981 acies
922 928 975 981 aut
984 920 1131 995 hebetior,

157 1008 197 1066 ita
212 1004 253 1062 ait
267 1011 319 1061 aut
332 1002 508 1062 lucidiorem
524 1019 595 1064 esse
608 1012 660 1063 aut
671 1004 918 1064 rubicundiorem
929 1012 960 1064 et
970 1006 1070 1065 crines
1081 1012 1132 1065 aut

159 1090 186 1146 in
210 1087 353 1145 inferiora
373 1086 523 1146 deductos
549 1094 600 1147 aul
617 1087 646 1146 in
669 1089 764 1147 latera
785 1088 940 1149 dimissos.
979 1086 1045 1149 Sed
1066 1090 1131 1150 sive

158 1179 228 1231 suat
239 1171 360 1245 aliquae
371 1186 475 1230 eorum
488 1170 675 1230 differentiae
687 1170 753 1230 sive
764 1163 825 1230 non
838 1179 921 1244 sunt,
938 1173 1046 1231 eadem
1060 1174 1132 1233 liant

156 1256 273 1315 ratione
295 1269 423 1313 necesse
439 1264 486 1313 est
500 1262 651 1314 cometae:
676 1255 751 1314 illud
766 1270 858 1315 unum
874 1262 1017 1315 constare
1031 1256 1130 1329 debet,

159 1347 278 1414 praeter·
292 1337 413 1398 solitum
429 1335 548 1412 adspici
563 1354 673 1398 novam
685 1338 795 1398 sideris
809 1338 916 1398 taciem
927 1339 1011 1399 circa
1022 1355 1058 1399 se
1070 1340 1129 1399 dis·

158 1425 288 1496 sipatam
304 1423 403 1494 ignem
419 1420 573 1481 trahentis.

127 1515 141 1565 1
218 1504 281 1564 xll.
320 1505 554 1577 Quibusdam
593 1505 839 1580 antiquorum
876 1504 1005 1578 placet
1034 1505 1130 1564 haec

156 1590 273 1649 ratio:
296 1604 363 1647 oum
379 1603 416 1647 ex
433 1587 528 1646 stellis
544 1588 713 1648 errantibus
725 1587 812 1648 alteri
824 1603 858 1647 se
869 1586 964 1648 altera
975 1586 1128 1663 adplicuit,

157 1674 285 1731 coulnso
307 1672 335 1729 ia
361 1687 451 1729 arnum
474 1671 601 1730 duarum
617 1673 726 1731 lamine
741 1672 835 1731 laeies
858 1671 1004 1745 longioris
1019 1670 1129 1731 sideris

157 1756 300 1814 redditur.
332 1770 387 1813 aec
402 1754 459 1814 hoc
475 1762 545 1814 tanc
560 1762 673 1816 tantum
690 1755 806 1828 evenit,
827 1771 894 1815 eum
909 1755 999 1815 stella
1012 1755 1128 1814 stellam

157 1840 275 1912 adtigit,
298 1839 351 1897 sed
369 1839 457 1898 etiam
470 1853 537 1897 cum
550 1838 816 1914 adpropinquavit.
839 1836 1030 1898 intervallum
1042 1838 1128 1911 enim,

58 1916 64 1927 ’
158 1924 239 1997 quod
256 1923 333 1981 inter
347 1923 425 1981 daras
441 1931 503 1992 est,
526 1923 701 1983 inlustratur
715 1923 753 1981 ab
768 1929 899 1996 utraque
912 1920 1127 1982 inflammatur·

124 2013 217 2080 aque
238 2014 267 2065 et
289 2007 411 2080 longum
432 2007 533 2079 ignem
556 2007 657 2066 elficit.
700 2007 766 2065 His
793 2005 890 2065 illud
912 2006 1128 2081 responde-

157 2107 251 2162 mus,
274 2097 387 2149 certum
403 2106 474 2150 esse
490 2105 645 2149 numerum
664 2090 818 2150 stellarum
834 2088 1006 2162 mobilium,
1030 2089 1128 2149 solere

157 2181 256 2231 cautem
277 2173 386 2231 eodem
407 2181 544 2246 tempore
565 2182 595 2233 et
616 2172 672 2235 has
692 2174 841 2247 adparere
862 2179 893 2233 et
908 2179 1058 2233 cometen.
1090 2187 1127 2230 ex

156 2257 214 2315 lroe
235 2256 425 2314 manifestum
444 2256 478 2315 fit
498 2273 558 2315 noa
581 2256 696 2316 illarum
715 2256 794 2317 coitu
815 2254 880 2315 fieri
897 2265 1053 2329 cometen,
1074 2254 1128 2316 sed

123 2338 312 2413 ltproprium
335 2347 364 2398 et
383 2339 430 2398 sui
454 2338 527 2399 iuris
544 2355 624 2398 esse.
658 2340 837 2401 Etiamnunc
853 2339 1030 2413 frequenter
1044 2340 1128 2405 stella

156 2423 212 2482 sub
228 2423 344 2483 altioris
360 2423 465 2482 stellae
480 2423 638 2497 vestigium
650 2425 739 2484 venit.
761 2432 791 2483 et
802 2422 953 2484 Saturnus
963 2410 1128 2499 aliciuando

156 2524 249 2581 supra
271 2507 373 2567 lovem
395 2514 442 2566 est
464 2516 494 2568 et
514 2507 596 2566 llllars
617 2507 769 2587 Venerem
791 2514 821 2566 et
841 2506 1025 2567 Mercurium
1049 2512 1128 2565 recta

157 2592 234 2650 linea
256 2591 401 2665 despicit,
426 2607 482 2650 nec
503 2599 600 2650 tamen
623 2599 748 2667 propter
767 2591 848 2650 hunc
866 2590 988 2651 illorum
1001 2605 1116 2652 concur

156 2691 237 2747 sum,
254 2689 321 2733 eum
336 2677 410 2733 alter
425 2675 550 2734 alterum
563 2675 657 2747 subit,
674 2682 807 2735 cometes
820 2674 861 2733 fit.
884 2674 1021 2751 alioquin
1035 2671 1126 2734 omni·

156 2759 212 2816 bus
234 2759 321 2819 annis
343 2758 443 2817 fierem
464 2757 604 2818 omnibus
620 2758 699 2818 enim
715 2758 835 2833 aliquae
852 2758 960 2817 stellae
974 2755 1004 2816 in
1021 2756 1126 2817 eedem

123 2848 139 2900 4
155 2840 242 2912 signo
258 2842 345 2902 simul
362 2849 441 2902 sunt.
477 2841 508 2901 Si
527 2849 663 2901 cometen
680 2844 793 2901 laceret
804 2842 892 2901 stella
903 2841 1011 2901 stellae
1023 2855 1126 2915 super-

157 2925 297 2996 veniens,
321 2932 473 2985 momento
489 2941 560 2986 esse
575 2926 736 2986 desineret.
761 2940 878 2984 summa
890 2924 970 2983 enim
984 2924 1126 2985 velocitas

155 3009 373 3068 transeuntium
394 3017 448 3069 est.
478 3009 548 3069 ideo
567 3009 665 3070 omnis
681 3008 789 3069 sideris
805 3006 937 3069 delectio
952 3006 1057 3068 brevis
1073 3012 1126 3077 est,

156 3091 227 3164 quia
248 3090 306 3150 cito
328 3092 395 3151 illas
415 3093 494 3151 idem
517 3110 642 3165 cursus,
672 3094 723 3168 qui
746 3093 938 3165 admoverat,
968 3088 1126 3152 abstrahit:

156 3175 294 3234 videmus
311 3176 407 3234 solem
422 3183 452 3234 et
466 3177 567 3236 lunam
583 3177 659 3236 intra
675 3177 816 3250 exiguum
832 3181 970 3251 tempus,
992 3190 1062 3236 cum
1076 3172 1125 3233 ob-

156 3259 272 3317 scurari
294 3265 475 3332 coeperunt,
504 3259 641 3320 liberari:
665 3267 777 3334 quanto
800 3259 931 3320 celerior
951 3258 1046 3319 debet
1059 3272 1125 3316 esse

155 3341 184 3400 in
202 3342 297 3400 stellis
313 3341 464 3415 digressio
481 3350 563 3404 tanto
580 3345 769 3404 minoribus?
794 3343 878 3420 atqui
893 3348 1032 3405 cometae
1046 3338 1125 3401 senis

155 3425 313 3485 mensibus
335 3433 466 3485 manent.
497 3428 579 3500 quod
601 3443 661 3487 non
682 3428 849 3499 accideret,
870 3425 898 3486 si
912 3427 1042 3487 duarum
1059 3425 1125 3485 stel-
