2364 3840
135 176 178 242 50
426 178 461 238 L.
482 178 630 241 ANNAEI
652 179 829 241 SENECAE

135 333 182 392 Da
207 327 280 388 1111111
303 344 503 404 quemquam,
531 330 581 403 qui
602 330 846 404 magnificentius
867 330 1032 394 dominum
1058 351 1074 396 s

136 414 262 474 1313111.

110 509 123 562 ι
197 498 304 557 XXIV.
334 495 499 556 Corfinium
516 495 628 556 caesar
648 497 817 557 obsidebat.
844 498 1010 559 tenebatur
1025 499 1076 561 inc

135 599 190 642 sus
205 581 371 642 Domitius:
394 581 555 654 imperavit
568 580 688 642 medico
704 581 865 656 eidemque
880 597 976 643 servo
993 600 1072 660 suo,

136 667 193 725 sibi
216 679 365 723 venenum
388 664 483 722 daret.
520 662 594 723 Cum
615 665 867 738 tergiversantem
883 665 1023 741 videret,
1051 687 1076 744 qt

134 751 301 820 cunctaris,
331 747 444 821 inquit,
474 753 625 822 tamquam
644 755 696 808 tao
716 753 747 808 in
764 755 908 824 potestate
927 755 1022 810 totam
1044 756 1076 813 ia

134 830 195 894 sit?
220 836 342 891 mortem
358 846 430 904 repo
445 839 587 892 armatus.
623 833 698 892 Tum
711 832 761 891 ille
778 833 917 906 promisit
931 841 964 892 et
985 836 1076 895 medi

136 920 270 974 mentum
291 913 447 974 innoxium
468 915 632 975 bibendum
653 915 693 975 illi
709 916 801 975 dedit.
831 932 892 991 quo
908 931 981 976 cum
997 921 1076 994 sopi

136 1004 234 1068 esset,
263 997 396 1059 accessit
417 1000 457 1057 ad
478 1000 571 1059 filium
593 1000 674 1059 eius:
702 1000 783 1073 iube,
807 999 920 1075 inquit,
942 1017 993 1062 me
1008 1005 1076 1064 ada

135 1086 216 1155 ocri,
238 1083 308 1143 daca
327 1101 368 1143 ea
381 1089 484 1143 eventu
497 1087 667 1158 intellepas,
690 1099 730 1143 cn
744 1100 886 1144 venenum
896 1089 986 1158 patri
999 1096 1052 1147 tao
1068 1107 1076 1146 t

136 1168 240 1228 (terim.
276 1168 360 1228 Vixit
381 1167 529 1228 Domitius
552 1175 582 1228 et
601 1175 740 1227 servatus
762 1184 780 1226 a
800 1166 931 1227 Caesare
948 1175 1008 1228 est.
1039 1188 1076 1245 pr

136 1261 237 1314 tamen
252 1252 336 1312 illum
352 1267 462 1312 servus
478 1259 667 1311 servaverat.

110 1351 124 1402 1
199 1335 292 1394 XXV.
320 1337 407 1397 Bello
429 1335 509 1393 civili
525 1336 731 1409 proscriptum
746 1332 904 1394 dominum
918 1350 1037 1396 servus
1054 1339 1076 1398 a'

84 1419 100 1463 ⁸
137 1420 241 1480 condit
262 1427 306 1493 et,
328 1435 397 1479 cum
419 1420 528 1479 anulos
550 1419 615 1477 eius
636 1418 694 1478 sibi
715 1426 854 1493 aptasset
874 1434 911 1477 ac
931 1427 1061 1480 vestem

136 1505 270 1576 duisset,
300 1502 547 1577 speculatoribus
570 1501 703 1561 occurrit
723 1502 858 1576 nihilque
885 1518 919 1561 33
944 1503 1076 1579 deprect

138 1587 314 1662 quominus
330 1585 480 1659 imperata
490 1593 687 1660 peragerent,
709 1587 785 1647 dixit
796 1593 826 1646 et
837 1586 951 1645 deinde
965 1592 1075 1650 cervic

136 1669 282 1746 porrexit.
321 1668 430 1741 Quanti
450 1671 505 1728 viri
526 1677 574 1730 est
594 1686 650 1745 pro
675 1670 798 1730 domino
820 1685 857 1729 eo
879 1676 1027 1745 tempore
1047 1691 1076 1732 m

136 1756 225 1825 velle,
244 1768 304 1826 quo
317 1760 382 1812 erat
392 1769 462 1811 rara
474 1753 551 1813 fides
564 1753 720 1814 dominum
735 1755 810 1813 mori
826 1755 928 1813 nollet
950 1755 981 1814 in
996 1758 1077 1830 publ

137 1835 315 1896 crudelitate
337 1837 437 1895 mitem
460 1838 602 1911 inveniri,
626 1839 656 1898 in
678 1839 800 1915 publica
819 1838 952 1913 perfidia
973 1839 1076 1901 fidele

138 1938 205 1982 cum
220 1920 357 1995 praemia
371 1921 553 1995 proditionis
569 1925 702 1998 ingentia
721 1922 930 1996 ostendantur,
947 1927 1076 1998 praemi

136 2007 209 2066 fidei
224 2013 352 2065 mortem
368 2005 610 2081 concupisceret

110 2103 123 2153 1
198 2089 306 2148 XXVI.
339 2089 440 2149 Nostri
464 2093 560 2150 seculi
582 2091 723 2164 exempla
744 2107 806 2150 non
832 2090 1023 2165 praeteribo.
1060 2093 1076 2154 S

137 2173 257 2231 Tiberio
273 2171 403 2232 Caesare
421 2174 476 2234 luit
488 2173 654 2233 accusandi
669 2174 816 2247 frequens
832 2180 863 2233 et
876 2188 978 2247 paene
997 2179 1076 2252 publ

137 2255 255 2328 rabies,
282 2271 361 2329 quae
382 2258 462 2316 omni
478 2255 558 2316 civili
579 2255 657 2314 bello
673 2258 797 2330 gravius
812 2263 945 2330 togatam
963 2258 1075 2322 civitat

139 2339 286 2398 coniecit:
316 2340 526 2416 excipiebatur
545 2338 697 2399 ebriorum
718 2356 834 2414 sermo,
864 2341 1054 2414 simplicitas

139 2422 280 2482 cantium.
314 2424 387 2483 nihil
402 2432 467 2484 erat
480 2428 584 2481 tutum.
618 2421 716 2482 omnis
733 2425 889 2483 saeviendi
904 2425 1057 2499 placebat
1074 2455 1076 2481 ι

139 2508 233 2567 casio.
270 2523 327 2567 nec
341 2508 401 2566 iam
411 2521 533 2566 reorum
545 2507 782 2579 exspectabatur
794 2515 931 2580 31311113,
950 2525 1075 2574 cumas

137 2608 228 2651 unus.
268 2591 422 2651 coenabat
441 2588 554 2647 Paulus
576 2590 747 2662 praetorius
767 2592 797 2650 in
819 2593 962 2653 convivio
981 2598 1074 2670 quod

138 2674 300 2750 imaginem
321 2671 432 2733 Tiberii
454 2670 593 2731 Caesaris
615 2671 732 2732 habens
754 2683 897 2753 ectypam
917 2683 947 2735 et
962 2681 1076 2740 eminet

109 2774 267 2832 pgemma.
300 2758 378 2816 Rem
393 2752 613 2829 ineptissimam
629 2756 746 2831 fecero,
770 2759 796 2818 31
813 2775 893 2818 nunc
907 2761 1010 2822 verba
1027 2784 1076 2840 qu:

137 2843 234 2915 31313,
263 2837 519 2915 quemadmodum
540 2840 637 2899 dicam
663 2842 747 2901 illum
767 2845 907 2902 matelam
929 2851 1075 2922 sumpsis

138 2928 222 3001 quod
237 2927 348 2984 tactum
363 2921 452 2981 simul
467 2931 496 2984 et
511 2924 597 2984 Maro
614 2941 652 2983 ex
666 2925 747 2986 notis
762 2927 841 2986 illius
859 2929 1010 3001 temporis
1029 2949 1076 2992 131

137 3009 294 3085 gatoribus
316 3006 447 3081 notavit,
477 3016 635 3068 313311113
657 3008 739 3085 eius,
768 3012 891 3085 quando
913 3017 1076 3076 necteban

137 3092 282 3163 insidiae,
298 3088 325 3146 ei
341 3088 425 3149 ebrio
441 3093 563 3152 anulum
580 3095 718 3154 extraxit.
741 3101 853 3155 etcum
864 3095 951 3155 Maro
966 3102 1076 3160 convii

136 3178 298 3236 testaretur
313 3173 465 3234 admotam
481 3193 551 3237 esse
566 3178 726 3252 imaginem
741 3180 906 3240 obscoenis
921 3188 951 3239 et
965 3181 1032 3243 iam
1049 3203 1076 3246 31

137 3256 337 3330 scriptionem
358 3268 560 3337 conponeret,
592 3263 725 3323 ostendit
749 3264 778 3323 in
804 3280 895 3323 manu
920 3279 979 3322 sua
1008 3285 1076 3328 3311

138 3341 270 3484 anulubm.
307 3339 340 3402 Si
361 3343 430 3418 quis
451 3345 532 3406 hunc
547 3363 670 3408 servum
685 3354 788 3416 vocat,
811 3356 840 3408 et
854 3348 938 3406 illum
953 3353 1076 3412 convivt

137 3439 217 3486 voca
238 3427 268 3485 it.
