2364 3840
236 202 376 262 unaue.
393 200 554 274 onnusr.
578 202 713 269 crau.
736 211 867 266 17—19.
905 174 906 177 ‘
980 203 1042 267 aas

63 353 195 422 manime
214 353 354 427 inpactus
376 359 436 423 est,
460 350 555 411 resilit
576 360 605 410 et
627 360 678 412 aut
694 369 750 427 per
766 357 883 414 occulta
898 355 1042 415 dividitur

62 440 132 513 ipso
153 445 252 496 terrae
275 443 357 496 motu
377 436 615 508 raritatelacta,
645 444 696 495 aut
718 453 773 510 per
794 453 906 497 novum
929 440 1039 499 volnus

63 521 200 581 emicuit:
222 521 262 579 ita
284 520 351 580 eius
372 536 432 579 non
455 526 558 594 potest
579 520 626 577 vis
644 526 727 580 tanta
742 520 877 581 cohiberi
892 537 949 581 nec
965 539 1039 581 ven-

62 614 125 665 tum
146 611 228 664 tenet
249 605 310 663 ulla
331 618 497 677 conpages.
527 602 618 662 solvit
639 604 718 662 enim
741 605 958 680 quodcumque
975 606 1039 664 vin·

63 691 162 748 culum
184 697 213 747 et
233 703 311 747 onus
333 703 422 746 omne
444 687 501 746 lert
527 703 632 747 secum
658 688 809 763 fususque
836 705 891 762 per
915 689 1039 748 minima

11 809 21 831 .
61 774 264 831 laxamentum
290 777 415 844 superat
439 769 585 830 indomita
609 777 735 830 naturae
760 774 893 847 potentia
920 773 1039 846 [liberat

14 837 25 861 ⁸
60 861 118 926 set,
142 856 245 930 utique
262 871 329 913 cnm
346 855 513 913 concitatus
529 854 649 915 sibilus
666 871 754 915 suum
768 857 910 916 vindicat.
944 857 1066 931 spiri-4

62 948 110 998 tus
127 945 224 1011 [vero]
242 939 353 998 invicta
366 953 416 996 res
433 946 494 996 est:
517 937 589 996 nihil
605 939 660 998 erit
675 941 758 1013 quod

144 1040 286 1096 luctantes
300 1042 398 1096 ventos
413 1042 649 1110 tempestatesque
663 1053 786 1098 sonoros

144 1123 267 1194 imperio
277 1125 400 1195 premat
413 1137 450 1179 oc
464 1122 566 1180 uinclis
581 1125 610 1179 et
623 1136 746 1180 carcere
757 1123 868 1193 frenet.
960 1194 961 1197 Ἴ

61 1217 134 1277 Sine
156 1217 248 1276 dubio
269 1223 378 1291 poetae
405 1217 486 1276 hunc
507 1218 668 1277 voluerunt
689 1217 785 1277 videri
807 1236 976 1293 carcerem,
1005 1223 1065 1282 int
1140 1282 1143 1288 ,

61 1317 123 1375 quo
145 1301 202 1361 sub
222 1310 303 1361 terra
318 1301 413 1359 clausi
429 1302 564 1359 laterent.
591 1301 647 1359 sed
661 1300 721 1360 hoc
736 1317 797 1360 non
812 1303 1034 1377 intellexerunt,

59 1400 117 1443 nec
138 1384 184 1457 id,
209 1385 291 1458 quod
314 1384 450 1443 clausum
472 1391 533 1455 est,
558 1399 629 1443 esse
645 1384 745 1444 adhuc
763 1394 899 1459 ventum,
922 1404 979 1446 nec
994 1389 1035 1462 id,

60 1468 145 1542 quod
165 1476 273 1527 ventus
295 1473 357 1540 est,
380 1482 476 1541 posse
493 1467 676 1544 iamxclaudi.
699 1485 768 1527 nam
785 1472 868 1547 quod
884 1472 912 1529 in
928 1473 1034 1532 clauso

58 1559 121 1622 est,
146 1552 274 1625 quiescit
290 1559 320 1609 et
334 1549 413 1610 aeris
430 1551 518 1611 statio
534 1559 596 1610 est:
619 1551 717 1612 omnis
729 1554 759 1612 in
772 1554 844 1629 luga
855 1561 963 1615 ventus
978 1564 1034 1616 est.
1074 1626 1079 1632 s

57 1634 237 1695 Etiamnunc
253 1643 282 1695 et
296 1635 371 1694 illud
386 1634 505 1694 accedit
518 1635 566 1694 his
582 1638 782 1711 argumentis,
804 1635 871 1714 [per
883 1641 966 1714 quod
981 1640 1063 1701 ad-6

58 1726 160 1793 paret,
183 1720 266 1793 quod
288 1726 400 1779 motum
421 1718 515 1778 elficit
536 1719 687 1792 spiritus]
712 1722 796 1794 quod
812 1738 942 1797 corpora
958 1740 1033 1798 quo-

58 1817 120 1877 que
140 1810 243 1862 nostra
264 1820 325 1862 non
347 1803 432 1860 aliter
451 1811 594 1873 tremunt,
619 1819 709 1876 quam
731 1805 758 1862 si
779 1807 917 1880 spiritum
933 1808 1035 1880 aliqua

57 1902 153 1946 causa
174 1885 341 1961 perturbet,
365 1902 432 1945 cum
452 1885 560 1945 timore
582 1893 755 1946 contractus
778 1896 838 1960 est,
863 1904 930 1948 eum
946 1905 1030 1948 sene-

57 1978 139 2029 ctute
154 1972 322 2045 languescit
338 1977 367 2030 et
383 1971 469 2028 venis
483 1970 674 2044 torpentibus
689 1980 817 2043 marcet,
838 1989 906 2031 cum
921 1972 1034 2046 frigore

56 2052 207 2113 inhibetur
229 2062 281 2114 aut
301 2055 357 2113 sub
379 2053 589 2113 accessionem
611 2069 702 2112 cursu
718 2070 774 2114 suo
793 2054 929 2115 deicitur.
964 2059 1062 2114 namt

57 2138 205 2212 quamdiu
219 2138 286 2197 sine
300 2137 408 2196 iniuria
423 2135 546 2211 perfluit
560 2144 641 2196 etex
656 2153 741 2197 more
756 2139 909 2213 procedit,
931 2140 1032 2198 nullus

56 2230 104 2281 est
123 2230 236 2280 tremor
260 2220 395 2296 corpori:
420 2237 487 2280 cum
502 2220 617 2295 aliquid
633 2224 776 2293 occurrit,
799 2224 884 2296 quod
899 2222 1033 2282 inhibeat

56 2305 123 2364 eius
139 2304 287 2378 officium,
303 2312 373 2364 tunc
390 2320 496 2378 parum
509 2313 619 2379 potens
634 2306 663 2362 in
678 2306 867 2379 perferendis
880 2307 936 2379 his,
954 2323 1033 2381 quae

55 2384 113 2447 suo
136 2390 239 2462 vigore
259 2388 395 2460 tenebat,
420 2388 565 2447 deficiens
584 2389 730 2461 concutit,
754 2388 901 2463 quicquid
917 2390 1033 2464 integer

56 2473 174 2531 tulerat.

91 2599 195 2662 ‚XlX.
230 2600 491 2661 Metrodorum
521 2601 648 2661 Chium
681 2615 845 2659 necesse
876 2608 935 2660 est
967 2615 1059 2666 au-1

53 2683 223 2757 diamus,
247 2685 420 2758 quodvult,
437 2686 604 2745 sententiae
616 2686 684 2745 looo
697 2684 856 2743 dicentem.
880 2685 1032 2743 nonenim

53 2767 195 2847 permitto
216 2767 287 2826 milri
308 2784 346 2826 ne
364 2784 416 2828 eas
434 2770 555 2843 quidem
573 2768 733 2844 opiniones
750 2768 928 2842 praeterire,
953 2785 1031 2842 quas

53 2850 201 2925 inprobo,
233 2868 299 2911 cum
321 2852 416 2912 satius
443 2854 481 2911 sit
502 2853 634 2911 omnium
660 2853 780 2926 copiam
806 2852 872 2911 fieri
898 2859 927 2911 et
953 2869 1032 2926 quae

54 2936 235 2994 damnamus
250 2935 424 3010 improbare
440 2936 541 3010 potius
559 2953 649 3010 quam
665 2937 838 3010 praeterire.
869 2935 943 3010 qnid
957 2952 1030 3008 argo

54 3019 148 3077 dicit?
179 3019 359 3092 „Quomodo
382 3036 450 3079 cum
471 3018 604 3080 in'dolio
627 3022 775 3080 cantantis
792 3036 852 3078 vox
868 3020 1060 3091 illa[bitur,]2

53 3117 110 3176 per
131 3110 223 3162 totum
247 3119 315 3162 cum
328 3103 460 3179 quadam
477 3105 672 3164 discussione
693 3103 842 3178 percurrit
856 3119 892 3162 ac
906 3110 1031 3160 resonat

53 3193 84 3244 et
104 3194 164 3245 tam
186 3187 293 3245 leviter
314 3194 395 3246 mota
414 3195 513 3247 tamen
530 3187 635 3247 circuit
650 3204 710 3246 non
728 3188 793 3247 sine
807 3193 889 3246 tactu
903 3187 968 3244 eius
984 3191 1029 3243 tu-

53 3270 226 3344 multuque,
250 3285 310 3344 quo
333 3269 452 3330 inclusa
473 3280 534 3332 est:
561 3273 606 3330 sic
629 3273 843 3345 speluncarum
867 3270 923 3329 sub
948 3277 1031 3328 terra

53 3352 252 3426 pendentium
272 3353 398 3413 vastitas
419 3355 511 3414 habet
529 3357 600 3414 a'e'ra
615 3371 719 3427 suum,
742 3371 832 3428 quem
848 3353 936 3414 simul
951 3354 1028 3411 alius

52 3452 189 3511 superne
209 3437 346 3497 incidens
368 3439 535 3513 percussit,
565 3439 657 3512 agitat
675 3455 737 3498 non
759 3439 844 3497 aliter
860 3455 950 3514 quam
968 3436 1028 3512 illa,
