2364 3840
272 177 324 236 nn
344 177 558 239 ennarrans
580 179 717 239 mnvt.
740 186 837 243 4—7.
983 178 1044 243 111
1149 169 1151 173 ’

61 331 234 408 propriam,
255 337 316 390 tam
330 330 504 390 mehercule
518 346 608 404 quam
622 331 743 390 lurtum.
770 301 958 390 Beneficium
971 330 1045 392 nulli
1117 310 1123 320 ⁴

61 414 121 490 legi
135 413 308 475 subiectum
322 423 385 473 est:
406 429 455 472 me
470 413 582 474 arbitro
598 414 699 473 utitur.
729 413 798 473 licet
815 429 863 472 me
875 430 1045 488 conparare

60 497 140 559 inter
155 512 200 571 se,
216 505 361 572 quantum
376 496 525 571 profuerit
535 496 608 555 mihi
621 498 754 572 quisque
766 504 818 557 aut
830 504 976 570 quantum
988 514 1042 558 no-

61 582 174 654 cuerit,
204 588 265 641 tum
284 581 496 656 pronuntiare,
524 586 624 640 uuum
645 582 715 655 plus
737 580 886 640 debeatur
906 580 979 640 mihi
1005 597 1043 640 an

61 665 203 726 debeam.
238 665 272 723 In
289 662 349 723 illis
363 663 436 723 nihil
452 671 500 724 est
514 671 638 724 nostrae
651 664 822 738 potestatis
846 665 981 724 eundum
997 664 1072 724 esti

61 765 122 824 qua
144 749 300 809 ducimur:
328 747 359 804 in
384 746 534 807 beneficio
557 754 621 808 tota
645 755 784 822 potestas
806 764 874 807 mea
895 755 956 808 est:
984 764 1042 822 ego

58 833 165 907 itaque
178 831 281 891 iudico
295 831 355 890 illa.
378 845 439 889 non
454 845 566 904 separo
581 846 638 890 nec
654 831 783 904 diduco,
805 833 863 891 sed
876 831 1001 891 iniurias
1015 840 1045 893 et
1072 860 1077 867 ·
1143 841 1149 851 ·

59 915 211 976 beneficia
231 915 271 974 ad
292 914 433 973 eumdem
454 914 585 973 iudicem
606 915 707 974 mitto:
737 916 871 990 alioquin
891 914 980 975 iubes
995 932 1043 975 me

59 999 173 1060 eodem
194 1007 334 1073 tempore
356 1004 387 1057 et
404 1013 507 1057 amare
529 1005 559 1056 et
579 997 698 1071 odisse,
729 1005 758 1058 et
778 1000 865 1073 queri
880 1007 910 1058 et
929 998 1042 1073 gratias

58 1098 168 1156 agere,
184 1081 268 1157 quod
283 1088 391 1141 natura
405 1097 465 1141 non
481 1081 597 1155 recipit.
618 1080 721 1155 potius
734 1082 952 1157 conparatione
964 1086 1045 1143 lacta

57 1165 139 1227 inter
160 1181 195 1226 se
216 1164 358 1226 beneficii
379 1174 408 1224 et
427 1165 554 1224 iniuriae
569 1165 696 1236 videbo,
720 1180 758 1223 an
774 1168 863 1225 etiam
877 1165 956 1226 ultro
972 1167 1044 1225 mihi

59 1249 220 1310 debeatur.
256 1248 415 1322 Quomodo
432 1249 459 1308 si
473 1248 542 1322 quis
555 1247 678 1322 scriptis
691 1248 804 1308 nostris
818 1249 895 1307 alios
909 1255 1072 1324 supernas

57 1332 196 1409 inprimit
211 1348 336 1406 versus,
355 1333 475 1406 priores
491 1333 593 1391 literas
609 1349 671 1392 non
687 1332 777 1405 tollit,
798 1332 854 1391 sed
871 1331 1041 1402 abscondit

60 1415 302 1478 sicbeneficium
318 1416 540 1490 superveniens
556 1417 665 1475 iniuria
678 1416 829 1490 adparere
844 1431 904 1476 non
920 1415 1041 1489 patitur.

121 1500 189 1559 VII.
217 1500 327 1560 Voltus
348 1507 433 1572 tuus,
457 1500 505 1558 cui
525 1501 693 1573 regendum
715 1516 764 1559 me
781 1498 907 1572 tradidi,
931 1499 1069 1572 colligitl

55 1600 154 1659 rugas
166 1590 197 1643 et
209 1583 299 1643 trahit
311 1584 453 1656 lrontem,
470 1583 558 1657 quasi
570 1585 690 1657 longius
703 1600 820 1645 exeam.
844 1582 957 1642 videris
970 1583 1042 1641 mihi

57 1668 179 1728 dicere:
404 1709 407 1715 .

125 1751 188 1821 Ouo
201 1757 312 1811 motum
327 1752 401 1812 mihi
413 1752 519 1812 dexter
534 1748 619 1811 obis?
639 1752 697 1810 hoc
712 1751 809 1826 diripe
822 1769 957 1825 eorsum,

122 1834 207 1905 maa
220 1850 298 1894 cmo.

55 1917 128 1976 Non
146 1934 274 1993 possum
289 1917 395 1993 magis.
432 1919 537 1992 Itaque
553 1917 579 1977 si
593 1917 662 1976 huie
674 1917 864 1976 satisfactum
876 1916 1041 1988 existimas,

54 2001 110 2061 illo
129 2008 336 2075 transeamus,
361 2018 404 2061 nn
427 2002 460 2060 ei
483 2000 672 2060 debeatur
692 1998 860 2072 aliquid,
889 1999 953 2073 qui
974 2014 1041 2056 no-

56 2084 119 2144 bis
142 2084 290 2145 invitus
314 2086 471 2160 proluit.
506 2085 573 2144 Hoc
588 2083 724 2159 apertius
741 2083 828 2156 potui
843 2083 960 2154 dicere,
983 2080 1042 2140 nisi

56 2168 231 2243 propositio
253 2169 379 2229 deberet
399 2183 470 2227 esse
497 2169 673 2239 confusior,
702 2173 735 2226 ut
760 2165 913 2226 distinctio
942 2165 1042 2226 statim

57 2252 229 2313 subsecuta
249 2253 425 2313 ostenderet
451 2259 655 2327 utrumque
678 2250 827 2325 quaeri,
855 2267 899 2309 an
922 2250 957 2308 ei
978 2250 1040 2307 de·

55 2335 253 2408 heremus,
279 2335 485 2411 quinobis,
510 2336 680 2395 dumnon
698 2337 793 2406 vult,
818 2332 984 2408 proluit,
1007 2339 1044 2390 et

56 2434 104 2479 an
127 2419 176 2493 ei,
200 2420 277 2494 qni,
301 2420 386 2479 dum
407 2419 541 2477 nescit.
575 2419 650 2478 Nam
662 2420 688 2478 si
701 2416 770 2493 quis
785 2426 910 2476 coactus
927 2413 1071 2489 aliquidi

55 2502 131 2563 boni
153 2503 238 2574 lecit,
263 2504 336 2577 quin
357 2518 414 2562 nos
432 2517 494 2562 non
510 2502 635 2576 obliget,
658 2501 848 2560 manileshus
864 2506 926 2571 est,
949 2512 1041 2572 quam

56 2593 93 2646 ut
111 2585 175 2645 ulla
194 2586 225 2645 in
246 2587 306 2646 hoe
320 2586 414 2645 verba
434 2585 630 2660 inpendenda
650 2584 719 2644 sint.
751 2583 789 2641 Et
806 2583 882 2640 haee
900 2578 1040 2654 quaestio

56 2668 150 2728 tacite
164 2671 345 2745 expedietur
360 2677 404 2741 ct,
426 2670 452 2728 si
468 2685 529 2744 qua
543 2669 649 2728 similis
665 2668 735 2726 huic
748 2666 864 2725 moveri
880 2670 997 2738 potest,
1015 2661 1042 2720 si

55 2751 170 2814 totiens
192 2754 243 2813 illo
260 2752 473 2827 cogitationem
489 2759 624 2812 nostram
643 2747 882 2810 converterimus
897 2745 1040 2806 benefici-

57 2850 111 2896 um
126 2837 243 2898 nullum
257 2853 344 2910 esse,
366 2835 426 2897 nisi
440 2837 524 2911 quod
539 2837 578 2895 ad
594 2850 651 2893 nos
669 2832 797 2908 primum
814 2833 916 2907 aliqua
927 2832 1042 2905 cogita·

47 2920 100 2981 ‘tio
118 2919 230 2995 delert,
254 2921 364 2981 deinde
385 2919 482 2980 amica
497 2926 527 2979 et
541 2919 683 2991 benigna.
718 2918 825 2992 ltaque
840 2931 896 2975 nec
912 2914 1071 2976 flumini-3

59 3003 117 3064 bus
131 3006 247 3077 gratias
261 3005 395 3079 agimuS,
414 3005 554 3078 quamvis
570 3009 621 3061 aut
635 3017 746 3075 magna
756 3001 878 3074 navigia
888 2999 1043 3075 patiantur

58 3094 89 3146 et
104 3088 145 3148 ad
159 3088 379 3148 subvehendas
395 3087 502 3162 copias
519 3088 604 3160 largo
621 3101 656 3144 ac
672 3085 800 3159 perenni
816 3085 903 3144 alveo
920 3087 1042 3142 currant

57 3178 110 3231 aut
130 3171 256 3246 piscosa
277 3179 308 3231 et
327 3187 457 3231 amoena
477 3170 642 3246 pinguibus
664 3170 746 3228 arvis
767 3167 950 3229 interfluant.
984 3179 1041 3223 nee

59 3257 223 3329 quisquam
244 3255 311 3315 Nilo
333 3255 516 3314 beneficium
538 3253 651 3313 debere
668 3269 702 3313 se
717 3253 845 3324 iudicat,
868 3267 928 3310 non
944 3248 1041 3321 magis

57 3354 150 3412 quam
165 3338 284 3412 odium,
304 3338 331 3398 si
346 3338 518 3398 inmodicus
534 3335 718 3410 superfluxit
732 3337 880 3408 tardeque
896 3330 1040 3391 decessit.

55 3436 116 3482 nec
129 3429 241 3482 ventus
256 3421 440 3483 beneficium
457 3422 523 3495 dat,
543 3420 613 3480 licet
626 3419 704 3479 lenis
721 3426 751 3477 et
765 3416 921 3478 secundus
937 3411 1041 3485 adspi-
