2364 3840
291 180 344 240 DE
364 177 578 238 BENEFICIIS
600 178 750 237 LIB.VlI.
772 186 870 241 4—7.
1005 179 1067 241 139

71 333 158 392 illos
171 337 326 406 tamquam
340 339 447 390 auctor
462 331 534 402 sibi,
550 331 625 389 alter
638 337 793 404 tamquam
805 338 924 404 emptor
935 333 1052 392 adserit

87 423 120 476 at
129 422 215 475 recte
225 413 386 488 utriusque
398 414 538 473 dicuntur
549 429 630 472 esse.
652 414 812 488 utriusque
823 413 902 472 enim
915 422 993 486 sunt,
1010 415 1065 475 sed

87 516 152 560 non
173 492 283 557 eodem
304 498 406 558 modu.
434 497 480 556 sio
503 505 605 571 potest
624 497 656 554 Τ.
667 496 770 556 Livius
791 498 909 557 aDoro
926 498 1066 571 accipere

88 591 143 643 aut
162 596 265 640 emere
286 581 381 641 libros
402 596 487 641 suos.
526 581 656 640 Possum
678 581 793 640 donare
814 581 960 654 sapienti,
982 580 1095 655 quoda

88 666 201 725 viritim
221 680 321 724 meum
337 671 399 737 cst,
420 666 490 723 licet
506 665 585 723 illius
601 663 661 724 sint
675 664 785 724 omnia.
812 680 882 722 nam
898 680 966 724 cum
981 665 1066 738 regio

87 764 176 808 more
202 755 311 808 cuncta
335 748 522 808 conscientia
547 748 723 821 possideat,
756 749 942 822 singularum
967 754 1067 807 autem

87 849 192 892 rerum
206 831 236 890 in
249 847 498 906 unumquemque
511 833 681 905 proprietas
694 833 732 891 sit
744 847 868 906 sparsa,
884 840 914 892 et
926 832 1067 906 accipere

88 917 202 976 munus
219 922 249 974 et
263 915 390 987 debere,
411 922 441 973 et
457 929 557 973 emere
572 923 602 974 et
617 916 790 975 conducere
807 923 916 990 potest.
955 917 1096 986 caesara

88 999 194 1062 omnia
214 998 319 1070 habet,
348 999 443 1057 fiscus
465 999 532 1057 eius
548 997 666 1072 privata
681 1005 795 1058 tantum
811 1015 847 1058 ac
863 1016 928 1059 sua.
956 1007 987 1060 et
1000 999 1066 1058 uni·

88 1099 183 1143 versa
197 1082 227 1139 in
243 1082 371 1155 imperio
387 1079 453 1141 eius
466 1089 551 1153 sunt,
575 1081 603 1138 in
623 1082 802 1153 patrimonio
819 1085 952 1156 propria.
989 1082 1067 1156 Quid

89 1169 156 1227 eius
173 1167 227 1237 sit,
249 1165 322 1239 quid
337 1181 399 1223 non
415 1165 468 1234 sit,
486 1165 553 1223 sine
564 1162 761 1223 diminutione
772 1164 890 1238 imperii
903 1166 1066 1238 quaeritur.

88 1267 160 1310 nam
176 1249 208 1309 id
224 1264 361 1322 quoque,
386 1248 469 1321 quod
485 1255 637 1322 tamquam
653 1247 785 1305 alienum
797 1246 997 1319 abiudicatur,
1014 1247 1066 1305 ali-

87 1342 135 1394 ter
150 1334 231 1392 illius
248 1338 304 1390 est.
342 1331 393 1390 Sic
408 1332 532 1406 sapiens
549 1331 693 1391 universa
709 1331 807 1389 animo
824 1330 979 1405 possidet,
1002 1330 1067 1388 iure

88 1433 126 1477 ae
143 1415 278 1475 dominio
294 1426 359 1474 sua.

154 1499 220 1558 Vll.
248 1499 325 1558 Bion
347 1498 440 1557 modo
458 1514 569 1558 omnes
592 1499 758 1572 sacrilegos
784 1497 970 1572 argumentis
997 1512 1095 1570 esse1

89 1581 220 1657 colligit,
243 1583 335 1642 modo
351 1583 511 1641 neminem.
548 1583 622 1641 Cum
634 1599 739 1641 omnes
752 1583 790 1640 de
804 1599 880 1642 saxo
894 1581 1067 1642 deiecturus

89 1673 155 1739 est,
178 1666 266 1724 dicit:
296 1667 431 1740 Quisquis
444 1667 491 1738 id,
515 1667 594 1739 quod
607 1667 728 1725 deorum
744 1672 800 1738 est,
823 1670 941 1726 sesicut
952 1674 981 1726 et
992 1682 1068 1726 cort-

87 1753 215 1825 sumpsit
235 1755 323 1824 atquc
344 1754 375 1808 in
394 1765 479 1808 usum
493 1765 577 1808 suum
591 1752 689 1820 verm,
713 1753 877 1824 sacrilepus
890 1756 942 1810 est.
969 1753 1069 1810 omnia

89 1840 189 1894 aarum
209 1833 329 1893 deorum
344 1838 420 1892 sunt.
448 1835 527 1906 qnod
542 1835 849 1906 conmemoratio,
873 1835 995 1892 deormn
1009 1837 1069 1893 tol-

88 1921 140 1991 tit,
160 1933 284 1992 quorum
303 1920 402 1976 omnia
422 1922 510 1975 sunt:
533 1933 604 1988 erpo
624 1918 755 1988 qusquis
774 1918 846 1974 tollit
859 1917 988 1988 aliquid,
1013 1933 1069 1975 so-

89 2003 222 2074 crilepus
241 2007 292 2060 est.
326 1999 459 2069 Deinde,
484 2015 551 2057 cnm
574 1997 693 2071 effringi
711 1999 824 2072 templa
838 2005 868 2057 et
881 1998 1009 2071 expilari
1024 1999 1097 2064 ina

90 2099 175 2160 pune
191 2083 371 2158 Capitolium
386 2082 482 2154 iubet,
502 2082 575 2141 dicit
587 2086 700 2142 nullum
714 2085 891 2156 sacrilepcm
905 2099 976 2142 csse.
998 2084 1069 2156 quia

90 2169 234 2243 quicquid
253 2169 398 2227 sublatum
417 2172 472 2239 est,
500 2183 540 2226 ex
563 2183 597 2226 eo
616 2169 692 2240 loco,
718 2169 772 2242 qur·
790 2168 911 2226 deorum
931 2172 1010 2238 croi,
1037 2168 1069 2224 t‘n

89 2266 158 2311 cum
179 2251 362 2323 transfertur
376 2253 485 2322 locum,
505 2253 558 2325 qui
572 2252 694 2309 deorum
707 2256 758 2310 est.
793 2251 849 2309 Hic
863 2251 1097 2325 respondetnr3

92 2333 195 2394 omnia
211 2334 333 2406 quidem
349 2333 475 2392 deorum
491 2349 575 2405 esse,
594 2336 727 2393 sednon
743 2335 843 2394 omnia
859 2335 905 2395 dis
918 2335 1068 2393 dedicata.

90 2417 123 2476 in
149 2415 198 2475 his
219 2416 376 2476 observari
402 2415 613 2490 sacrilegium,
641 2434 720 2492 quae
744 2419 850 2491 religio
876 2418 990 2476 numini
1016 2417 1068 2476 ad-

91 2498 227 2573 scripsit.
256 2499 301 2559 sic
317 2507 346 2558 et
363 2507 457 2560 totum
478 2501 623 2559 mundum
638 2501 765 2560 deorum
780 2517 851 2560 esse
866 2501 1070 2561 inmortalium

91 2583 253 2656 templum,
278 2585 376 2642 solum
396 2583 518 2657 quidem
534 2585 731 2658 amplitudine
746 2583 866 2643 illorum
881 2600 917 2642 ac
931 2583 1069 2658 magnili-

92 2667 193 2726 eentia
208 2667 346 2740 dignum,
372 2674 400 2725 et
414 2674 512 2725 tamen
528 2684 545 2726 a
560 2669 656 2726 sacris
672 2668 801 2741 prolana
816 2667 948 2727 discerni
964 2676 1069 2727 elnon

92 2748 197 2810 omnia
217 2751 308 2808 licere
328 2750 358 2808 in
379 2752 506 2823 angulo,
533 2751 581 2810 cui
602 2752 662 2809 lani
689 2766 799 2809 nomen
824 2749 991 2824 inpositum
1013 2759 1069 2822 est,

94 2848 176 2908 qnae
201 2833 259 2892 sub
281 2834 367 2894 coelo
388 2841 417 2892 et
438 2841 606 2907 conspectu
632 2832 768 2893 siderum
793 2834 892 2892 licent.
928 2834 1070 2893 Iniuriam

94 2915 264 2990 sacrilegus
286 2917 345 2975 deo
369 2917 491 2991 quidem
513 2934 573 2976 non
596 2924 698 2992 potest
723 2918 838 2989 lacere,
868 2932 958 2991 quem
984 2925 1071 2976 extra

92 3001 187 3059 ictum
208 3016 265 3058 sua
286 2999 427 3059 divinitas
450 3001 566 3074 posuit,
590 3001 647 3059 sed
668 3001 804 3074 punitur,
829 3001 900 3074 quia
916 3007 1071 3076 tamquam

94 3083 155 3142 deo
177 3083 267 3142 lecit:
297 3084 399 3157 opinio
421 3082 502 3142 illum
525 3091 631 3143 nostra
656 3100 692 3142 ac
718 3100 775 3142 sua
802 3085 915 3158 obligat
941 3099 1070 3158 poenae.

94 3165 256 3238 Quomodo
278 3182 351 3240 ergo
368 3167 536 3239 sacrilegus
552 3165 687 3239 videtur,
709 3169 760 3242 qui
775 3168 891 3241 aliquid
907 3170 1005 3227 aufert
1023 3181 1071 3226 sa·
1086 3172 1104 3225 4

95 3248 154 3322 cri,
175 3248 293 3308 etiamsi
309 3264 504 3324 quocumque
520 3251 681 3319 transtulit,
706 3250 790 3325 quod
805 3250 1007 3324 subripuerat,
1027 3250 1071 3307 in-

94 3339 141 3390 tra
155 3333 300 3392 terminos
315 3340 362 3391 est
374 3330 492 3391 mundi=
516 3333 561 3390 sio
573 3340 602 3392 et
615 3331 745 3407 sapienti
757 3335 869 3393 lurtum
882 3340 984 3406 potest
995 3330 1071 3389 lieri.

95 3416 250 3474 auferetur
265 3417 343 3474 enim
363 3415 405 3474 illi
421 3431 480 3474 non
496 3430 535 3474 ex
549 3415 611 3488 llis,
636 3433 715 3490 quae
730 3416 874 3476 universa
888 3415 995 3484 habet,
1016 3412 1073 3471 sed

95 3512 134 3556 ex
156 3497 219 3570 his,
250 3497 361 3570 quibus
383 3497 525 3558 dominus
548 3499 713 3573 inscriptus
735 3506 797 3572 est,
822 3512 900 3570 quae
920 3495 1029 3562 viritim
1045 3494 1074 3554 ei

89 3742 133 3829 ,r
