2346 3832
293 102 340 162 DE
361 99 573 161 BENEFlCllS
596 99 668 158 LlB.
681 99 716 156 ll.
743 105 872 162 14-17.
1025 99 1066 163 23

94 259 139 318 cis
158 255 256 329 accipi
274 253 380 327 patiar.
411 251 484 310 Nam
506 258 538 309 ut
560 249 612 324 qui
634 251 750 324 inputat
764 249 905 324 gratiam,
929 251 1065 326 destruit,

89 342 132 400 ita
158 338 212 415 qui
239 342 383 412 quantum
405 335 470 404 det,
493 334 638 405 ostendit,
668 350 778 393 munus
806 349 895 392 suum
918 350 1069 394 commen-

88 425 151 496 dat,
167 438 229 480 non
246 419 419 494 exprobrat.
448 416 1098 491 Respiciendaesuutcuiquela·3

89 507 267 566 cultates
289 518 381 561 suae
405 502 604 574 viresque,
634 515 678 558 ne
698 507 762 560 aut
785 502 871 574 plus
894 507 1063 574 praeste-

88 606 170 648 mus
192 602 301 662 quam
327 600 532 660 possumus
562 591 624 642 aut
652 583 783 644 minus.
825 584 1065 643 aestimanda

88 679 150 732 est
171 672 255 731 eius
277 684 449 744 persona
471 667 530 727 cui
552 667 699 726 damus:
737 668 887 742 quaedam
906 669 985 726 enim
1010 669 1064 726 mi-

88 771 166 817 nora
180 761 266 826 sunl,
290 768 382 827 quam
397 759 430 810 ut
445 750 529 809 exire
551 752 700 823 anraguis
716 752 788 833 viris
805 751 949 825 debeant,
971 768 1063 826 quae-

87 841 159 899 dam
175 837 345 910 accipiente
361 834 475 893 maiora
490 842 568 893 sunt.
602 834 766 909 Utriusque
781 835 883 909 itaque
899 851 1064 909 personam

87 924 241 983 conferet
257 920 357 994 ipsum
374 919 450 977 inter
464 919 531 977 illas
548 918 631 991 quod
646 919 775 978 donabis
795 920 949 991 examina,
977 937 1062 978 num·

88 1005 164 1080 quid
180 1010 233 1064 aut
248 1004 330 1062 danti
344 1017 436 1075 grave
458 1002 496 1060 sit
518 1008 567 1061 aut
583 1018 703 1074 parum,
726 1002 873 1076 numquid
887 1019 993 1062 rursus
1011 1005 1063 1078 qui

86 1095 274 1162 accepturus
289 1094 350 1157 est,
374 1094 425 1144 aut
439 1085 572 1144 fastidiat
587 1092 712 1143 autnon
730 1086 838 1158 capiat.

149 1171 231 1230 XVI.
254 1169 367 1230 Urbem
389 1168 508 1227 cuidam
526 1168 702 1227 Alexander
724 1167 858 1226 donabat
879 1185 1012 1228 vesanus
1035 1178 1094 1232 etl

88 1254 141 1331 qui
157 1254 232 1312 nihil
246 1254 346 1312 animo
363 1253 421 1312 nisi
437 1252 554 1326 grande
569 1253 753 1325 conciperet.
782 1251 853 1310 Cum
871 1252 927 1323 ille,
944 1253 992 1312 cui
1008 1253 1061 1311 do-

86 1339 228 1410 nabatur,
243 1352 278 1396 se
292 1337 360 1409 ipse
375 1351 499 1395 mensus
511 1335 584 1395 tanti
596 1336 729 1395 muueris
742 1334 886 1394 invidiam
899 1336 1063 1409 refugisset

87 1423 195 1481 dicens
218 1436 279 1479 non
308 1420 473 1478 convenire
496 1420 635 1478 fortunae
660 1435 749 1478 suae:
783 1435 841 1478 aon
862 1436 987 1494 quaero,
1017 1419 1061 1478 in·

87 1504 170 1578 quit,
187 1506 262 1579 pald
280 1509 308 1564 te
322 1506 460 1578 occipere
474 1504 590 1575 deceat,
604 1505 744 1577 rodpald
757 1521 802 1564 me
813 1505 896 1562 dore.
913 1504 1062 1563 Animosa

86 1604 151 1646 vox
166 1588 286 1645 videtur
302 1592 332 1644 et
346 1586 444 1660 regia,
468 1602 536 1645 cum
551 1588 590 1646 sit
605 1587 793 1646 stultissima.
822 1586 895 1645 nihil
911 1587 989 1645 enim
1008 1603 1061 1661 per

87 1686 124 1730 se
146 1685 332 1745 quemquam
354 1669 456 1728 decet:
480 1671 572 1728 refert
592 1670 680 1743 quid,
704 1670 766 1742 cui,
794 1672 932 1743 quando,
955 1687 1059 1745 quare,

86 1754 153 1822 ubi,
175 1761 330 1823 eleatem,
347 1751 542 1827 sine'quibus
557 1752 628 1811 lacti
641 1753 716 1810 ratio
738 1769 799 1811 non
816 1755 975 1813 constabit.
1004 1755 1092 1815 Tua

86 1837 288 1896 midissimum
304 1835 429 1895 animal!
455 1837 480 1894 si
494 1837 577 1894 illum
594 1835 734 1908 accipere
749 1835 807 1894 hoc
818 1852 878 1893 non
892 1836 989 1908 decet,
1006 1854 1060 1896 nec

86 1920 221 1980 tedare:
237 1919 366 1978 habetur
379 1934 579 1993 personarum
591 1933 627 1976 ac
639 1917 814 1992 dignitatum
827 1919 924 1991 portio
939 1925 976 1992 et,
993 1935 1060 1978 cum

86 2003 126 2062 sit
151 2003 267 2076 ubique
292 2003 410 2062 virtutis
436 2003 561 2076 modus,
584 2018 682 2074 aeque
704 2009 810 2076 peccat
832 2002 915 2076 quod
940 2003 1061 2062 excedit

86 2103 179 2160 quam
197 2085 280 2159 quod
296 2084 409 2145 deficit.
442 2086 545 2145 Liceat
560 2085 641 2145 istud
656 2102 730 2145 sane
745 2085 798 2146 tibi
812 2092 841 2145 et
856 2095 885 2146 te
901 2086 931 2144 in
947 2093 1060 2147 tantum

85 2172 209 2229 fortuna
236 2169 407 2243 sustulerit,
439 2178 472 2229 ut
503 2169 657 2243 congiaria
682 2176 733 2229 tua
758 2172 851 2230 urbes
877 2170 949 2242 sint,
981 2188 1058 2247 quas

86 2261 202 2327 quanto
227 2252 352 2311 maioris
375 2253 466 2311 animi
491 2254 546 2314 fuit
571 2269 630 2311 non
654 2268 765 2327 capere
781 2271 871 2329 quam
893 2263 1060 2329 spargere?

85 2343 134 2394 est
150 2343 249 2395 tamen
265 2335 376 2410 aliquis
393 2337 502 2409 minor,
526 2353 615 2411 quam
629 2343 661 2395 ut
675 2335 705 2395 in
723 2337 793 2396 sinu
812 2339 877 2396 eius
899 2339 1059 2397 condenda

85 2418 126 2478 sit
141 2419 260 2478 civitas.
1156 2482 1158 2485 .

146 2503 241 2561 XVll.
264 2502 311 2561 Ab
327 2501 481 2576 Antigono
504 2503 636 2578 Cynicus
656 2504 729 2577 pretit
746 2505 899 2562 talentum.
929 2508 1088 2575 respon-l

84 2586 128 2646 dit
147 2587 217 2660 plus
233 2601 410 2660 essequam
426 2587 509 2660 quod
525 2586 657 2661 Cynicus
675 2593 778 2660 petere
794 2586 927 2645 deberet.
956 2586 1056 2660 repul-

84 2685 139 2728 sus
162 2669 238 2743 petit
259 2669 425 2728 denarium.
465 2670 624 2743 respondit
643 2672 743 2729 minus
770 2684 952 2743 essequam
975 2671 1059 2745 quod

82 2767 189 2826 regem
205 2752 328 2811 deceret
343 2753 426 2815 dare.
459 2753 646 2827 Turpissima
661 2761 708 2813 est
725 2753 876 2814 eiusmodi
891 2749 1057 2815 cavillatio:

83 2835 200 2895 invenit
222 2836 377 2909 quomodo
400 2843 537 2896 neutrum
561 2836 653 2895 daret.
686 2838 715 2895 in
738 2836 863 2897 denario
885 2854 1003 2912 regem,
1028 2839 1057 2897 iu

82 2921 197 2980 talento
215 2918 362 2995 Cynicum
377 2921 526 2994 respexit,
550 2934 616 2978 cum
635 2929 741 2994 posset
756 2930 785 2981 et
800 2920 958 2980 denarium
983 2929 1057 2980 tam·

83 3018 176 3076 quam
193 3002 308 3076 Cynico
327 3003 400 3060 dare
416 3010 446 3061 et
466 3005 610 3064 talentum
623 3012 776 3078 tamquam
797 3021 860 3064 rex.
887 3005 927 3064 Ut
947 3006 986 3064 sit
1004 3005 1057 3065 ali·

83 3085 157 3158 quid
173 3087 272 3144 maius
289 3102 380 3159 quam
397 3088 480 3160 quod
497 3086 629 3163 Cynicus
652 3087 797 3162 accipiat,
818 3088 890 3150 nihil
912 3095 971 3147 tam
994 3089 1056 3146 exi-

81 3183 175 3241 guum
192 3178 253 3238 est,
273 3169 357 3242 quod
376 3186 435 3229 non
451 3169 580 3229 honeste
595 3169 676 3243 regis
692 3171 862 3230 humanitas
881 3171 999 3230 tribnat.
1024 3171 1055 3229 Si
1070 3174 1087 3225 a

83 3266 131 3310 me
147 3252 334 3325 interrogas,
350 3252 457 3326 probo.
491 3259 540 3312 est
551 3253 630 3312 enim
645 3253 843 3314 intolerabilis
858 3271 908 3312 res
926 3269 1055 3327 poscere

82 3348 223 3395 nummos
239 3340 269 3394 et
286 3343 489 3396 contemnere.
519 3336 657 3396 indixisti
680 3338 829 3411 pecuniae
851 3338 963 3397 odium.
996 3335 1055 3393 hoc
