2364 3840
229 205 371 264 NATUR.
393 202 553 276 QUAEST.
576 202 648 262 LIB.
663 203 729 262 vll.
752 211 883 266 13—17.
982 199 1044 264 307

70 361 180 418 bellum
198 363 331 416 cometes
347 354 460 414 effulsit
477 371 537 414 non
553 353 651 414 minor
667 355 741 413 sole.
772 354 868 428 primo
884 354 991 429 igneus
1007 370 1044 415 ac

69 442 257 503 rubicundus
274 439 356 498 orbis
372 437 427 516 luit
443 438 619 513 clarumque
636 438 737 496 lumen
753 438 905 510 emittens,
930 445 1042 510 quanto

69 526 205 584 vinceret
230 528 360 581 noctem.
395 521 505 580 deinde
530 521 671 594 paulatim
698 520 879 594 magnitudo
899 521 964 580 eius
990 523 1041 580 ad-

71 608 174 668 stricta
194 615 241 666 est
262 614 291 664 et
311 605 433 664 evanuit
447 604 578 665 claritas.
603 602 771 664 novissime
786 611 885 663 autern
900 610 983 664 totus
998 604 1043 663 in-

69 690 197 751 tercidit.
234 689 312 762 Quot
334 703 406 762 ergo
423 686 505 747 coire
522 690 625 747 stellas
642 694 776 762 oportet,
797 694 830 746 ut
844 693 956 747 tantum
976 704 1043 747 cor-

69 791 129 850 pus
151 774 302 832 efficiant?
322 771 403 831 mille
423 769 452 831 in
474 787 566 831 unum
586 773 656 831 licet
671 786 855 846 congreges,
877 786 1043 845 numquam

69 859 150 917 huno
166 857 299 915 habitum
316 856 391 915 solis
406 856 589 929 aequabunt.
621 856 722 915 Attalo
739 861 885 928 regnante
899 855 981 914 initio
993 858 1070 914 cot

69 948 165 1000 metes
180 939 319 998 modicus
335 937 483 1012 adparuit.
508 938 618 996 deinde
634 938 755 997 sustulit
769 953 805 997 se
817 937 997 1013 diffuditque
1014 944 1044 997 et

69 1039 170 1098 usque
187 1025 217 1081 in
233 1021 484 1096 aequinoctialem
501 1019 645 1080 circulum
660 1023 756 1094 venit,
780 1023 821 1080 ita
836 1029 868 1081 ut
881 1022 962 1080 illam
979 1023 1042 1096 pla*

70 1124 138 1182 gam
162 1106 254 1178 coeli,
278 1105 325 1164 cui
346 1106 444 1163 lactea
463 1119 573 1163 nomen
591 1111 651 1176 est,
671 1105 700 1161 in
717 1105 885 1163 inmensum
901 1112 1042 1164 extentus

71 1197 225 1264 aequaret.
262 1188 341 1261 Quot
356 1203 428 1261 ergo
446 1187 628 1246 convenisse
639 1186 922 1258 debenterraticae,
937 1195 971 1247 ut
982 1196 1042 1246 tam

71 1276 193 1347 longum
209 1272 285 1331 coeli
301 1279 428 1331 tractum
443 1276 628 1344 occuparent
642 1270 711 1342 igne
727 1267 892 1328 continuet

132 1356 210 1414 XVI.
244 1355 383 1414 Contra
409 1360 670 1428 argumentum
693 1352 928 1423 dictumest,
952 1359 1070 1410 con-l

71 1448 128 1498 tra
147 1445 271 1496 testes
292 1438 492 1496 dicendum
516 1443 583 1495 est.
608 1451 665 1494 nec
685 1451 795 1510 magna
814 1435 969 1494 molitione
990 1435 1042 1493 de-

70 1522 217 1582 trahenda
239 1528 287 1580 est
307 1521 470 1581 auctoritas
485 1520 624 1593 Ephoro:
645 1519 807 1579 historicus
823 1525 878 1578 est.
915 1516 1043 1589 Quidam

71 1604 290 1664 incredibilium
309 1604 406 1662 relatu
422 1603 711 1663 commendationem
729 1609 836 1677 parant
850 1608 880 1660 et
899 1602 1042 1659 lectorem

63 1687 150 1762 ,alind
171 1694 320 1758 acturum,
344 1687 370 1744 si
392 1702 448 1760 per
469 1687 620 1745 cotidiana
640 1686 810 1758 duceretur,
829 1685 974 1744 miraculo
989 1699 1042 1741 ex-

71 1770 169 1829 citant.
193 1769 315 1842 quidam
328 1770 456 1842 creduli,
473 1768 596 1843 quidam
608 1771 803 1842 neglegentes
816 1776 894 1828 sunt.
918 1767 1042 1841 quibus·
1107 1790 1114 1801 ·

71 1854 139 1912 dam
155 1852 346 1911 mendacium
361 1853 494 1926 obrepit,
513 1852 696 1927 quibusdam
714 1853 825 1925 placet:
848 1851 964 1909 illinon
980 1850 1041 1908 evi-

70 1944 147 2008 tant,
176 1935 208 1992 hi
234 1935 390 2010 adpetunt.
430 1935 563 1994 Haecin
587 1951 746 1995 commune
768 1935 807 1994 de
828 1941 890 1994 tota
911 1934 1069 2005 natione,2

72 2033 150 2093 quae
171 2018 335 2090 adprobari
357 2035 435 2093 opus
457 2034 545 2077 suum
566 2026 596 2078 et
614 2019 679 2077 fieri
700 2019 849 2093 populare
873 2033 933 2078 non
957 2023 1043 2090 putet

71 2117 174 2175 posse,
192 2101 250 2159 nisi
263 2101 336 2161 illud
348 2102 507 2161 mendacio
520 2102 720 2176 adsperserit:
741 2099 883 2177 Ephorus
896 2115 968 2159 vero
981 2115 1040 2159 non

71 2182 117 2243 est
137 2182 387 2258 religiosissimae
403 2184 490 2244 fidei:
513 2200 607 2260 saepe
622 2182 779 2258 decipitur,
803 2199 898 2259 saepe
913 2183 1040 2257 decipit:

71 2269 148 2324 sicut
167 2266 216 2325 hio
238 2276 390 2339 cometen,
412 2268 464 2342 qui
486 2269 617 2328 omnium
637 2268 806 2328 mortalium
823 2268 919 2328 oculis
941 2273 1038 2326 custo·

72 2351 152 2407 ditus
168 2357 229 2421 est,
252 2350 323 2422 quia
343 2352 472 2424 ingentis
489 2352 532 2410 rei
549 2350 640 2411 traxit
655 2359 809 2424 eventum,
833 2368 901 2411 cum
916 2350 1040 2409 Helicon

71 2441 100 2491 et
120 2432 212 2490 Burin
235 2438 302 2491 ortu
318 2449 373 2492 suo
392 2434 543 2508 merserit,
566 2433 606 2493 ait
620 2435 702 2494 illum
719 2434 903 2494 discessisse
918 2433 946 2491 in
964 2433 1041 2492 duas

71 2515 189 2588 stellas,
212 2516 293 2590 quod
310 2523 431 2591 praeter
444 2515 527 2576 illum
542 2518 773 2583 nemotradidit.
797 2517 864 2593 quis
877 2515 955 2575 enim
970 2523 1069 2589 pos-3

71 2606 117 2658 set
133 2599 298 2658 observare
313 2600 384 2659 illud
401 2606 601 2674 momentum,
619 2616 679 2676 quo
695 2608 828 2660 cometes
841 2601 958 2659 solutus
970 2599 1040 2657 etin

72 2683 148 2740 duas
171 2690 273 2756 partes
294 2684 438 2744 redactus
460 2691 526 2744 estt
551 2685 705 2758 quomodo
727 2693 839 2756 autern,
861 2683 886 2742 si
905 2689 965 2755 est,
991 2681 1041 2754 qni

70 2765 179 2824 viderit
200 2776 335 2827 cometen
358 2767 388 2825 in
410 2768 487 2827 duas
508 2765 620 2840 dirimi,
641 2784 729 2827 nemo
747 2769 818 2827 vidit
833 2763 898 2826 fieri
914 2782 952 2824 ex
967 2765 1040 2824 dua-

70 2849 148 2906 bast
170 2864 264 2921 quare
279 2857 378 2910 autem
393 2866 453 2910 non
466 2850 590 2924 adiecit,
613 2851 642 2909 in
657 2867 733 2924 quas
746 2851 849 2910 stellas
862 2849 980 2909 divisus
993 2848 1040 2923 sit,

71 2947 138 2990 eum
154 2930 256 3005 aliqua
270 2948 309 2991 ex
325 2933 459 3009 quinque
474 2933 569 2993 stellis
586 2950 656 2993 esse
672 2934 829 2993 debuerit?

131 3013 223 3072 XVII.
255 3014 491 3088 Apollonius
512 3016 691 3093 Myndius
719 3018 754 3075 in
777 3017 934 3077 diversa
957 3013 1066 3091 opi-l

70 3098 183 3156 nione
205 3102 277 3156 est:
301 3098 342 3157 ait
362 3099 440 3157 enim
456 3106 591 3158 cometen
608 3115 668 3158 non
684 3116 776 3159 unum
791 3114 830 3160 ex
845 3099 944 3160 multis
960 3114 1040 3158 erra-

70 3181 137 3240 ticis
153 3178 248 3252 ellici,
272 3181 328 3240 sed
345 3181 457 3241 multos
469 3190 603 3241 cometas
615 3183 760 3242 erraticos
773 3199 853 3243 esse.
887 3182 972 3255 „Non
985 3190 1040 3255 est,

69 3264 180 3337 inquit,
202 3263 322 3338 species
337 3265 416 3324 lalsa
429 3279 488 3338 nec
503 3264 630 3324 duarum
646 3266 799 3326 stellarum
815 3265 946 3328 confinio
961 3264 1041 3337 ignis

69 3353 225 3420 extentus,
248 3347 303 3406 sed
326 3348 480 3422 proprium
502 3346 589 3408 sidus
610 3355 744 3425 cometes
759 3356 807 3409 est
821 3349 900 3410 sicut
913 3347 989 3408 solis
1005 3361 1041 3405 ao

68 3430 167 3489 lunae.
209 3430 289 3490 Talis
310 3429 352 3490 illi
373 3432 470 3490 torma
490 3435 552 3506 est,
578 3447 638 3495 non
657 3432 689 3491 in
709 3437 768 3495 rott
852 3446 875 3488 n
893 3426 1040 3500 restricta,
