2364 3840
149 191 192 254 92
440 189 473 250 L.
494 189 641 251 ΑΝΝΑΕΙ
665 189 840 249 SENECAE

151 362 240 422 quarn
264 345 395 403 animum
416 359 505 402 sunm
526 342 681 401 continere
702 350 731 401 et
756 341 877 400 tradere
903 339 973 401 sibi.
1014 338 1130 415 Platon,

148 429 260 504 iuquit,
283 427 345 501 agit
366 426 486 486 Socrati
506 425 635 500 gratias,
659 425 744 500 quod
765 424 803 484 ab
824 424 875 484 illo
891 424 1013 484 didicit=
1037 441 1130 499 quare

149 512 293 573 Socrates
311 511 445 570 sibinen
461 517 544 584 agat,
564 509 649 583 quod
663 508 779 583 ipsese
792 508 917 568 docuit?
936 507 977 566 M.
988 508 1064 569 Cato
1077 508 1129 569 ait:

148 597 247 670 „quod
264 597 317 654 lidi
334 596 441 666 deerit,
467 611 486 651 o
504 601 531 652 te
549 597 613 667 ipso
628 597 794 652 mutuare.“
822 607 918 667 quare
930 592 1050 652 donare
1061 591 1130 652 mihi

120 692 209 747 enon
227 693 368 752 possum,
391 677 417 736 si
434 677 628 735 commodare
644 681 794 750 possum?
815 675 1055 735 Innumerabilia
1065 683 1131 736 sunt

149 763 179 823 in
197 762 308 836 quibus
324 760 516 819 consuetudo
536 775 593 818 nos
610 759 729 819 dividit:
754 759 856 818 dicere
879 759 1034 819 solemus:
1061 763 1130 832 sine,

148 850 255 920 loquor
275 861 385 904 mecam
401 851 431 902 et
444 859 498 918 eqo
514 845 702 903 milidonem
715 846 886 918 pervellem.
916 858 998 917 quae
1014 843 1043 903 si
1062 859 1131 902 vera

150 935 235 1000 sunt,
258 927 514 1001 quemadmodum
530 928 641 1002 aliquis
656 927 714 986 sibi
729 924 828 1004 irasci
836 927 942 1000 debet,
964 926 1012 986 sic
1023 933 1057 987 et
1066 942 1130 1000 gra·

149 1013 207 1071 tias
228 1026 328 1083 agere.
362 1012 517 1085 quomodo
534 1011 696 1084 obiurgare
713 1027 763 1083 se,
786 1010 831 1069 sic
846 1017 876 1070 et
890 1010 1029 1070 laudare.
1059 1026 1130 1086 quo·

150 1096 241 1155 modo
256 1094 367 1153 damno
384 1095 441 1154 sibi
458 1111 545 1167 esse,
564 1094 608 1154 sie
623 1102 653 1154 et
666 1096 751 1153 lucro
767 1101 878 1168 potest.
913 1094 1028 1153 Iniuria
1040 1094 1129 1154 etbe-

150 1179 291 1238 neficium
316 1179 467 1239 contraria
487 1186 566 1238 sunt.
600 1179 626 1238 si
647 1179 685 1237 de
701 1178 804 1252 aliquo
821 1177 967 1236 dicimus=
991 1181 1130 1238 iniurium

148 1265 205 1323 sibl
216 1263 305 1335 fecit,
329 1262 495 1337 poterimus
511 1263 614 1320 dicere
630 1268 660 1321 et
675 1262 845 1334 beneficium
859 1262 916 1320 sili
930 1261 1045 1321 dedil.“

120 1359 136 1410 1
206 1347 286 1404 Vlll.
311 1347 435 1418 [Natura
448 1345 505 1405 sibi
518 1345 621 1416 dedit]
651 1346 763 1404 Natura
778 1343 861 1418 prius
874 1351 936 1418 est,
951 1351 986 1404 ut
997 1343 1070 1419 quis
1083 1346 1129 1404 de-

149 1431 234 1502 beat,
251 1429 362 1488 deinde
377 1435 410 1489 ut
423 1429 549 1502 gratiam
565 1429 684 1487 referat.
713 1428 832 1486 debitor
847 1444 907 1488 non
924 1435 973 1488 est
985 1429 1056 1487 sine
1068 1444 1129 1488 cre

151 1515 264 1582 ditare,
287 1529 346 1570 non
366 1512 463 1584 magis
482 1526 571 1585 quam
590 1512 715 1572 maritus
732 1512 799 1570 sine
815 1527 911 1571 uxore
922 1519 974 1572 aut
990 1513 1060 1571 sine
1072 1512 1129 1572 filio

151 1606 246 1671 pater.
268 1595 388 1669 Aliquis
399 1595 473 1652 dare
488 1594 587 1667 debet,
601 1602 634 1654 ut
647 1595 756 1669 aliquis
770 1595 906 1668 accipiat.
928 1612 992 1654 non
1001 1603 1052 1656 est
1061 1596 1130 1655 dare

150 1695 207 1738 nee
229 1678 370 1752 accipere
391 1678 421 1736 in
444 1677 599 1757 dexteram
621 1695 743 1738 manum
761 1680 800 1737 de
817 1679 941 1738 sinistra
954 1680 1129 1740 transferre.

121 1775 138 1827 π
151 1762 310 1835 Quomodo
323 1777 412 1821 nemo
425 1777 460 1820 se
471 1768 580 1836 portat,
597 1763 735 1836 quamvis
747 1777 861 1835 corpus
872 1778 961 1822 sunm
972 1772 1097 1823 moveat
1105 1770 1130 1823 et

149 1846 322 1905 transierat.
354 1847 510 1920 quomodo
525 1861 631 1918 nemo,
655 1846 796 1920 quamvis
811 1861 867 1920 pro
884 1862 918 1905 se
934 1847 1062 1920 dixerit,
1082 1847 1129 1906 ad·

151 1931 248 1990 luisse
268 1927 327 1988 sibi
343 1929 453 1989 dicitur
469 1946 525 1988 neo
541 1937 670 1990 statuam
684 1928 741 1989 sibi
757 1937 912 2004 tamquam
928 1937 1063 2004 patrono
1077 1946 1130 1991 suc

150 2016 246 2089 ponit.
269 2015 424 2088 quomodo
435 2014 485 2086 [si]
493 2029 593 2088 aeger,
607 2030 675 2074 curn
688 2029 761 2074 cura
773 2029 829 2072 sua
842 2014 1004 2089 convaluit,
1016 2029 1129 2075 merce·

151 2100 219 2158 dem
232 2115 249 2156 a
262 2113 296 2156 se
309 2113 369 2156 non
382 2098 489 2169 exigit:
505 2097 591 2155 sicin
605 2098 685 2156 omni
698 2097 829 2172 negotio,
843 2097 931 2157 etiam
939 2113 1009 2157 curn
1017 2097 1129 2172 aliquid

151 2182 303 2255 prodesse
322 2179 380 2239 sibi
402 2180 520 2251 fecerit,
543 2196 603 2238 non
621 2188 720 2240 tamen
738 2181 861 2240 debebit
870 2183 987 2242 relerre
1005 2185 1130 2256 gratiam

121 2264 223 2334 asibi,
244 2263 315 2335 quia
327 2278 387 2320 non
399 2262 538 2335 habebit,
554 2264 602 2322 cui
617 2266 739 2326 referat.
769 2266 809 2325 Ut
820 2266 987 2325 concedam
1000 2267 1131 2341 aliquem

150 2347 224 2405 dare
240 2344 298 2403 sibi
320 2345 517 2404 beneficium:
544 2346 615 2405 durn
631 2349 696 2422 dat,
720 2357 750 2409 et
766 2349 885 2422 recipit.
912 2356 946 2408 ut
963 2351 1130 2410 concedam

150 2428 281 2501 aliquem
304 2442 322 2486 a
342 2444 377 2487 se
395 2429 537 2503 accipere
552 2429 748 2505 beneficium,
773 2433 844 2492 dum
863 2433 989 2507 accipit,
1016 2433 1131 2493 reddit:

151 2510 247 2583 domi,
262 2512 346 2585 quod
358 2511 455 2584 aiunt,
471 2529 599 2572 versura
611 2515 643 2575 fit
653 2523 683 2574 et
695 2517 778 2576 velut
789 2516 936 2577 lusorium
947 2531 1061 2591 nomen
1072 2525 1131 2577 sta-

149 2594 201 2652 tint
223 2595 348 2654 transit:
371 2612 473 2671 neque
494 2596 575 2656 enim
590 2599 667 2658 alius
684 2599 735 2658 dat
750 2617 842 2674 quarn
858 2600 911 2676 qui
926 2599 1053 2675 accipit,
1077 2601 1131 2660 sed

150 2694 228 2736 unns
245 2686 337 2753 atque
351 2680 442 2751 idem.
478 2680 545 2739 Hoc
567 2682 692 2741 verbum
715 2684 857 2743 debere
877 2699 938 2743 non
959 2683 1055 2744 habet
1075 2685 1132 2743 nisi

149 2762 228 2819 inter
242 2761 320 2821 duos
336 2767 452 2824 locum:
476 2767 631 2838 quomodo
647 2781 721 2840 ergo
737 2768 766 2826 in
783 2783 842 2826 uno
855 2766 1010 2840 consistit,
1028 2766 1083 2844 qui
1099 2781 1133 2827 sc

120 2845 313 2917 obbligando
329 2846 456 2906 liberate
483 2849 522 2908 Ut
537 2848 565 2907 in
578 2851 653 2910 orbe
669 2865 705 2908 ac
718 2851 778 2925 pila
790 2851 862 2911 nihil
875 2852 966 2912 imum
979 2859 1042 2926 est,
1059 2851 1133 2912 nihil

150 2945 316 3001 summum,
337 2929 411 2988 nihil
426 2938 608 3006 extremum,
627 2934 700 2993 nihil
711 2933 857 3009 primum,
875 2935 1044 3009 quiamotu
1055 2937 1133 2997 ordo

149 3018 281 3071 mutatur
301 3019 330 3071 et
348 3028 428 3086 quae
443 3016 651 3088 sequebantur
667 3019 856 3092 praecedunt
871 3026 901 3078 et
915 3035 995 3094 quae
1010 3019 1131 3080 occide-

149 3095 222 3153 bant
238 3095 384 3169 oniuntur,
400 3098 502 3156 omnia
515 3102 805 3175 quomodocumque
819 3103 922 3173 ierint,
938 3101 970 3161 in
989 3104 1071 3163 idem
1087 3120 1134 3163 rc·

149 3185 320 3248 vertuntur,
342 3180 383 3239 ita
393 3179 424 3238 in
436 3180 560 3242 homine
571 3185 711 3244 existima
722 3185 798 3245 lieri.
822 3202 890 3246 cum
901 3186 986 3246 illum
999 3189 1028 3246 in
1042 3189 1135 3247 multa

150 3262 329 3336 mutaveris,
348 3280 428 3323 unns
444 3271 500 3323 est.
525 3265 639 3328 Cecidit
654 3285 703 3328 se:
722 3270 896 3330 iniuriarum
907 3286 976 3330 cum
989 3288 1051 3346 quo
1064 3275 1136 3346 agat

152 3360 211 3403 non
232 3345 332 3408 habet.
357 3347 502 3422 adligavit
520 3357 549 3408 et
567 3352 670 3411 clusit:
694 3353 732 3411 de
743 3354 773 3412 vi
786 3370 846 3413 non
861 3361 989 3414 tenetur.
1015 3354 1135 3415 benefi-

124 3427 233 3506 tcium
252 3430 310 3489 sibi
330 3430 429 3491 dedit=
455 3433 593 3507 protinus
613 3436 695 3495 danti
714 3436 856 3499 reddidit.
893 3438 1005 3497 Rerum
1025 3447 1135 3499 natura
