2364 3840
163 192 226 256 160
452 193 485 251 L.
507 192 653 251 ANNAEl
676 191 851 252 SENECAE

162 348 344 423 dispositius
367 361 424 405 nec
445 347 475 404 in
494 344 653 420 proposito
671 343 877 418 constantius,
896 341 1072 403 existiment
1086 343 1130 403 ho-

163 433 260 492 mines
281 431 435 490 fortuitum
457 437 487 488 et
511 443 586 487 casu
607 427 739 486 volubib
764 427 898 501 ideoque
922 428 1130 487 tumultuosum

163 516 240 575 inter
255 515 394 586 fulmina,
417 512 530 584 nubes,
552 517 749 585 tempestates
764 517 794 569 et
810 517 927 584 cetera,
950 508 1065 586 quibus
1082 518 1130 570 ter·

123 604 155 660 15
163 616 216 659 rae
232 614 268 658 ac
283 598 371 658 terris
388 596 486 654 vicina
496 595 666 669 pulsantur.
701 593 764 652 Nec
775 593 853 653 haec
863 597 942 653 intra
952 594 1077 668 volgum
1088 595 1130 653 de

163 683 276 742 mentia
298 687 359 753 est,
382 679 438 738 sed
460 675 641 752 sapientiam
663 690 788 752 quoque
807 678 969 752 professos
985 676 1129 754 contingit

165 773 236 826 sunt
257 763 309 839 qui
332 768 437 837 putent
458 759 540 833 [sibi]
559 761 635 835 ipsis
652 761 784 820 animum
800 776 872 820 esse
886 767 916 820 et
932 761 1057 834 quidem
1072 777 1130 836 pro

163 850 282 920 vidum,
311 846 370 922 [ac]
392 843 621 919 dispensantem
641 844 762 918 singula
775 852 805 904 et
826 859 883 904 sua
897 850 928 903 et
941 844 1058 904 aliena:
1082 845 1130 902 boc

164 939 264 991 autem
289 929 478 1002 universum,
507 929 536 986 in
559 944 619 1002 quo
645 943 702 987 nos
725 942 848 1002 quoque
875 943 1005 1002 sumus,
1030 943 1129 1005 expers

164 1018 259 1086 [esse]
277 1012 396 1073 consilii
408 1014 464 1090 ¹[et]
480 1018 532 1071 aut
548 1012 619 1069 ferri
635 1010 801 1071 temeritate
815 1012 948 1086 quadam
967 1019 1020 1072 aut
1036 1019 1130 1072 natura

123 1109 157 1164 16
165 1099 320 1156 nesciente
344 1096 418 1171 quid
438 1096 537 1155 iaciat.
581 1094 689 1168 Quanti
711 1095 855 1154 aestimas
878 1093 936 1154 ista
951 1109 1130 1169 cognoscere

165 1187 196 1239 et
214 1181 306 1240 rebus
329 1181 473 1239 terminos
496 1185 632 1254 poneret
655 1186 800 1252 quantum
819 1178 895 1238 deus
911 1180 1028 1252 possit,
1050 1184 1129 1238 mate

163 1264 239 1323 riom
254 1262 321 1339 ipse
339 1264 396 1322 sibi
412 1264 522 1323 formet
536 1278 573 1320 an
590 1262 660 1321 data
677 1268 785 1335 utatur,
803 1270 902 1321 utrum
914 1268 984 1322 utro
997 1264 1036 1322 sit
1045 1263 1128 1338 prius,

164 1348 307 1407 materiae
320 1345 531 1420 supervenerit
545 1344 621 1404 ratio
635 1362 672 1403 an
688 1346 813 1405 materia
827 1344 950 1419 rationi,
967 1346 1046 1406 deus
1059 1345 1129 1420 quic

166 1432 240 1506 quid
266 1433 329 1490 vult
350 1429 463 1488 efficiat
482 1444 521 1486 an
543 1429 644 1488 multis
665 1428 757 1489 rebus
779 1429 860 1487 iilum
875 1430 1035 1489 tractanda
1051 1428 1129 1489 desti·

164 1522 250 1575 tuant
264 1520 293 1572 et
308 1529 325 1571 a
340 1527 450 1586 magno
463 1511 578 1571 artifice
590 1527 684 1586 prave
699 1514 791 1572 multa
805 1513 981 1586 formentur,
997 1511 1132 1588 nunquia

165 1604 267 1656 cessat
281 1611 345 1670 ars,
369 1595 427 1654 sed
442 1594 514 1668 quia
528 1595 573 1664 id,
597 1595 627 1653 in
643 1612 703 1670 quo
719 1604 892 1669 exercetur,
911 1612 1009 1671 saepe
1020 1596 1131 1657 inobse-

124 1692 156 1748 17
166 1695 264 1754 quens
280 1679 335 1738 arti
351 1685 420 1737 estt
455 1678 538 1737 Haec
553 1677 720 1753 inspicere,
741 1679 817 1739 haec
832 1680 969 1752 discere,
993 1680 1042 1740 bis
1059 1680 1132 1739 incn-

165 1762 238 1821 bare
253 1778 355 1823 nonne
370 1762 538 1822 transsilire
553 1769 601 1822 est
620 1761 830 1822 mortalitatem
845 1778 931 1822 suam
946 1770 978 1823 et
991 1762 1023 1823 in
1039 1764 1133 1823 metio·

166 1861 229 1904 rem
250 1846 426 1906 transscribi
447 1852 582 1906 sortem?
612 1845 711 1919 „Quid
726 1847 793 1918 tibi,
817 1846 935 1921 inquis,
955 1848 1016 1907 ista
1031 1847 1133 1923 prode-

165 1935 280 1989 runt‘t“
323 1930 355 1990 Si
376 1929 450 1989 nihil
470 1929 567 2001 atiud,
590 1928 649 1990 hoc
670 1937 752 1989 certe
774 1928 869 1989 sciam
887 1929 992 1991 omnia
1011 1937 1135 2006 angusta

167 2030 239 2074 esse
253 2030 379 2073 mensus
395 2013 495 2072 deum.
536 2011 610 2086 [Sed
624 2013 700 2072 baec
715 2011 849 2086 deinde]

138 2103 152 2153 1
229 2098 250 2153 Ι.
278 2097 364 2156 Nunc
382 2096 420 2154 ad
438 2094 629 2169 propositum
645 2094 764 2155 veniam
781 2112 871 2171 opus.
909 2097 1027 2172 Audi,
1051 2094 1136 2172 quid

166 2181 211 2238 de
244 2179 399 2252 ignibus
434 2178 617 2252 sentiam,
651 2194 748 2253 quos
786 2196 851 2240 aer
885 2188 1135 2257 transversos

165 2260 253 2335 agit.
287 2261 398 2335 Magna
412 2261 480 2321 illos
495 2261 525 2321 vi
540 2264 640 2322 excuti
656 2271 863 2336 argumentum
879 2272 942 2337 est,
966 2265 1051 2341 quod
1066 2262 1137 2324 obli-

167 2343 220 2418 qui
232 2345 368 2404 ieruntur
379 2352 408 2404 et
420 2346 602 2421 praerapida
614 2347 776 2406 celeritate.
793 2349 921 2423 adparet
931 2347 1003 2409 ilios
1015 2365 1076 2408 non
1088 2349 1137 2421 ire,

138 2428 221 2488 2sed
238 2428 343 2502 proici.
380 2429 496 2504 Ignium
507 2431 619 2490 multae
630 2430 797 2505 variaeque
809 2432 904 2491 iacies
917 2441 997 2492 sunt.
1023 2431 1137 2491 Aristo

165 2514 241 2571 teies
258 2512 413 2586 quoddam
430 2529 528 2588 genus
545 2513 665 2574 illorum
687 2529 839 2587 capram
859 2523 962 2576 vocat.
991 2515 1018 2576 si
1034 2531 1083 2574 me
1096 2514 1137 2573 in·

164 2594 369 2670 terrogaveris
392 2605 508 2671 quare?
536 2592 619 2671 prior
639 2596 873 2658 mihirationem
891 2600 1004 2659 reddas
1020 2605 1138 2674 oportet

165 2694 262 2752 quare
284 2686 314 2738 et
334 2678 450 2739 hoedi
472 2686 627 2740 vocentur.
661 2679 688 2738 si
708 2687 823 2755 autem,
850 2683 935 2757 qnod
956 2683 1135 2743 commodis-

165 2761 275 2821 simum
297 2768 358 2836 est,
382 2765 557 2824 convenerit
574 2763 651 2822 inter
665 2780 739 2836 nos,
762 2780 801 2823 ne
816 2766 892 2826 alter
907 2767 1035 2828 alterum
1050 2769 1138 2826 inter·

164 2851 267 2917 roget,
284 2847 432 2921 quidquid
446 2846 517 2906 dicit
531 2847 613 2906 iilum
628 2849 819 2923 respondere
833 2864 895 2910 non
911 2865 1021 2925 posse,
1045 2848 1137 2911 satius

165 2928 223 2986 erit
239 2929 277 2986 de
293 2945 326 2988 re
340 2930 409 3005 ipsa
422 2946 569 3004 quaerere
583 2947 674 3005 quam
690 2931 805 3006 mirari,
822 2933 895 3007 quid
906 2935 948 2994 ita
958 2932 1138 2995 Aristoteles

165 3013 287 3085 globum
302 3014 380 3087 ignis
395 3013 594 3088 adpeltaverit
613 3029 776 3089 capram.
799 3015 868 3076 talis
884 3017 964 3077 enim
979 3018 1035 3079 fuit
1045 3019 1139 3080 forma

166 3095 247 3167 eius,
272 3097 324 3172 qui
344 3097 457 3156 bellum
478 3097 629 3158 adversus
649 3098 764 3158 Persen
784 3098 879 3160 Paulo
899 3109 1027 3176 gerente
1043 3100 1138 3161 lunari

136 3180 371 3253 ttmagnitudine
383 3178 532 3254 adparuit.
572 3181 723 3253 [Vidimus
737 3200 862 3258 quoque
875 3198 937 3245 non
948 3185 1044 3246 semel
1055 3184 1139 3246 flam·

164 3279 244 3322 mam
258 3262 388 3337 ingentis
404 3262 484 3336 pilae
500 3265 618 3338 specie,
642 3282 720 3340 quae
734 3273 835 3326 tamen
850 3268 881 3347 in
896 3268 966 3344 ipso
978 3284 1073 3330 cursu
1084 3284 1138 3330 suo

165 3346 315 3421 dissipata
336 3350 404 3417 est]
437 3347 579 3408 Vidimus
601 3347 681 3408 circa
696 3349 759 3410 divi
773 3351 904 3426 Augusti
919 3366 1087 3414 excessum
1102 3352 1139 3413 si-

163 3428 234 3488 mile
258 3429 440 3505 prodigium.
477 3430 608 3492 vidimus
629 3448 666 3493 eo
691 3441 843 3510 tempore,
872 3452 935 3512 quo
959 3436 1000 3497 de
1028 3436 1140 3499 Seiano
