2364 3840
311 129 362 190 DE
383 129 596 189 BENEFICIIS
619 129 752 187 LlB.lll.
776 139 800 190 1.
815 138 842 189 2.
1022 129 1064 193 37

93 280 229 355 ingratos
246 294 389 352 vocareS,
413 279 469 338 sed
485 279 609 339 oblitos=
633 286 785 352 tamquam
804 294 841 338 ea
852 295 902 339 res
915 281 1064 353 ingratum

93 371 221 424 excuset
243 379 321 437 quae
342 364 427 437 facit,
450 371 500 422 aut
521 363 671 437 quiahoc
691 363 802 422 accidit
822 362 927 442 alicui,
950 366 1065 424 nonsit

91 450 245 522 ingratuS,
262 461 329 506 cum
340 447 400 505 hoc
411 463 473 506 non
484 447 603 505 accidat
613 447 672 505 nisi
683 447 811 520 ingrato.
841 446 960 506 Multa
976 455 1092 512 sunta

91 547 238 607 genera
258 531 513 604 ingratorum,
530 536 564 588 ut
575 531 681 602 furum,
696 538 729 590 ut
740 529 970 603 homicidarum,
988 547 1064 605 quo·

89 633 158 676 rum
174 630 236 674 una
252 616 343 688 culpa
357 620 419 687 est,
441 619 572 672 ceterum
591 614 621 672 in
638 613 774 687 partibus
789 614 922 673 varietas
938 630 1062 688 magna:

90 701 228 774 ingratus
245 705 305 771 est,
330 698 381 771 qui
394 697 577 756 beneficium
592 698 753 772 accepisse
769 714 803 756 se
815 706 907 772 negat
919 698 1002 772 quod
1014 715 1064 758 ac-

92 784 186 857 cepit,
210 783 345 855 ingratus
361 789 409 841 est
423 781 475 856 qui
491 781 675 852 dissimulat,
698 784 834 856 ingratus
851 783 903 857 qui
918 798 979 841 non
994 783 1064 842 red-

92 867 151 938 dit,
186 863 477 938 ingratissimus
511 868 689 937 omnium,
722 866 787 940 qui
821 866 964 926 oblitus
994 874 1063 926 est.

90 951 138 1009 llli
159 949 236 1008 enim
259 949 286 1007 si
307 964 368 1007 non
391 949 528 1024 solvunt,
551 957 651 1009 tamen
672 949 785 1008 debent
808 956 837 1009 et
858 958 958 1010 exstat
980 952 1092 1024 apudl
1166 1014 1168 1018 ,

91 1034 162 1093 illos
176 1031 337 1106 vestigium
352 1040 433 1092 certe
448 1035 623 1093 meritorum
634 1034 713 1090 intra
724 1035 832 1090 malam
845 1035 1064 1093 conscientiam

91 1117 290 1176 inclusorum.
318 1115 484 1191 aliquando
505 1118 545 1175 ad
564 1114 758 1175 referendam
779 1117 905 1188 gratiam
928 1119 1064 1176 converti

91 1216 131 1259 ex
154 1199 255 1274 aliqua
277 1216 371 1259 causa
391 1205 537 1275 possunt,
558 1201 584 1258 si
606 1199 675 1258 illos
696 1199 797 1272 pudor
811 1199 1016 1272 admonuerit,
1038 1201 1064 1258 si

92 1284 194 1343 subita
218 1283 366 1344 honestae
387 1283 432 1342 rei
457 1283 622 1356 cupiditaS,
654 1283 753 1356 qualis
776 1283 854 1341 solet
878 1282 918 1341 ad
943 1289 1064 1355 tempus

91 1369 182 1426 etiam
197 1368 226 1426 in
243 1366 330 1426 malis
346 1365 522 1440 pectoribus
538 1381 719 1438 exsurgere,
743 1367 770 1425 si
784 1365 955 1425 invitaverit
968 1366 1064 1425 facilis

92 1451 233 1510 occasio:
256 1450 306 1508 hic
317 1466 482 1524 numquam
495 1449 561 1508 fleri
573 1457 677 1523 gratus
688 1456 805 1523 potest,
821 1450 871 1508 cui
882 1449 1065 1509 beneficium

93 1542 186 1596 totum
208 1536 346 1606 elapsum
370 1541 425 1592 est.
459 1540 489 1592 et
508 1541 607 1592 utrum
628 1539 661 1591 tu
685 1533 821 1606 peiorem
843 1550 953 1607 vocas,
982 1534 1065 1606 apud

92 1631 186 1690 quem
205 1615 303 1687 gratia
316 1615 456 1674 beneficii
474 1616 624 1675 intercidit
638 1631 676 1673 an
695 1617 777 1689 apud
793 1633 884 1691 quem
899 1619 988 1678 etiam
1003 1632 1064 1676 me-

90 1698 212 1756 moria‘t
244 1696 355 1755 Vitiosi
376 1697 456 1757 oculi
478 1707 548 1758 sunt
566 1699 617 1772 qui
635 1699 734 1758 lucem
747 1701 958 1773 reformidant,
982 1701 1094 1760 caeci5

93 1780 146 1856 qui
161 1797 222 1840 non
237 1781 351 1839 vident.
376 1787 408 1839 et
419 1789 562 1854 parentes
578 1796 652 1841 suos
669 1797 730 1840 non
745 1797 848 1840 amare
861 1783 991 1855 inpietas
1009 1791 1065 1856 est,

92 1881 155 1926 non
169 1865 361 1938 adgnoscere
375 1863 504 1924 insania.

153 1948 189 2005 ΙΙ.
218 1949 290 2021 Quis
310 1955 370 2007 tarn
391 1948 527 2022 ingratus
552 1955 600 2008 est
622 1965 712 2023 quam
731 1944 798 2021 qui,
823 1946 907 2021 quod
922 1947 953 2005 in
971 1946 1095 2021 primal

90 2038 178 2107 parte
201 2030 293 2091 animi
318 2031 452 2106 positum
478 2048 549 2092 esse
572 2032 676 2091 debuit
696 2038 725 2091 et
751 2045 874 2105 semper
895 2046 1066 2101 occurrere,

90 2116 131 2175 ita
150 2115 291 2190 seposuit
310 2123 341 2175 et
360 2116 484 2190 abiecit,
510 2117 594 2175 utin
615 2115 815 2190 ignorantiam
837 2120 989 2176 verteret?
1013 2116 1066 2174 ad·

89 2206 177 2274 paret
196 2199 278 2258 illum
300 2215 361 2259 non
385 2216 481 2276 saepe
503 2201 541 2259 de
562 2200 722 2259 reddendo
744 2200 913 2273 cogitasse,
940 2199 988 2258 cui
1013 2199 1066 2258 ob-

89 2283 187 2356 repsit
202 2283 325 2341 oblivio.
360 2282 500 2359 Denique
515 2285 554 2342 ad
569 2284 757 2342 reddendam
771 2282 898 2356 gratiam
913 2290 943 2341 et
958 2284 1094 2342 virtuter

92 2381 172 2437 opus
194 2373 240 2424 est
260 2373 289 2425 et
308 2373 446 2441 tempore
468 2375 498 2426 et
519 2368 662 2426 facultate
683 2374 712 2426 et
734 2367 910 2441 adspirante
928 2368 1064 2427 fortuna=

92 2449 143 2522 qni
164 2449 313 2523 meminit,
340 2451 406 2509 sine
428 2449 574 2525 inpendio
590 2457 693 2524 gratus
709 2458 766 2511 est.
801 2451 881 2523 Hoc,
903 2452 985 2524 quod
1003 2467 1065 2509 non

91 2547 217 2606 operam
232 2534 338 2608 exigit,
362 2551 424 2594 non
440 2550 531 2608 opes,
554 2551 616 2594 non
632 2536 820 2606 felicitatem,
839 2534 963 2607 quinon
977 2549 1065 2609 prae-

90 2623 163 2688 stat,
193 2617 308 2676 nullum
333 2617 426 2678 habet
452 2634 513 2691 quo
541 2618 632 2678 lateat
656 2618 868 2693 patrocinium.
901 2634 1065 2692 numquam

90 2700 193 2772 [enim]
210 2701 305 2760 voluit
319 2709 423 2775 gratus
440 2717 526 2774 esse,
550 2701 601 2775 qui
615 2701 798 2761 beneficium
811 2708 871 2760 tam
888 2703 979 2775 longe
995 2717 1065 2776 pro-

89 2782 174 2853 iecit,
199 2791 232 2842 ut
251 2789 337 2843 extra
360 2792 559 2858 conspectum
580 2801 668 2845 suum
690 2793 825 2860 poneret.
865 2784 1095 2857 Quemadmo3

90 2866 162 2925 dum
185 2881 264 2940 quae
283 2867 313 2925 in
329 2884 388 2927 usu
405 2875 475 2927 sunt
492 2874 521 2925 et
535 2885 657 2929 manum
673 2869 784 2929 cotidie
798 2875 975 2942 tactumque
990 2867 1065 2942 pati·

88 2958 195 3022 untur,
226 2966 391 3025 numquam
417 2953 585 3025 periculum
608 2953 684 3010 situs
707 2952 835 3023 adeunt,
859 2953 911 3010 illa
927 2967 1006 3026 quae
1027 2950 1067 3008 ad

90 3036 199 3093 oculos
220 3044 282 3093 non
296 3042 493 3109 revocantur,
517 3035 574 3094 sed
590 3042 676 3093 extra
690 3036 955 3096 conversationem
969 3042 1002 3092 ut
1016 3050 1066 3092 su·

88 3133 247 3192 pervacua
266 3118 440 3189 iacuerunt,
465 3118 574 3176 sordes
592 3118 661 3191 ipsa
677 3119 822 3192 colligunt
837 3123 1003 3176 vetustate:
1027 3117 1068 3175 ita

90 3201 238 3275 quicquid
262 3201 408 3275 frequens
430 3201 571 3274 cogitatio
594 3210 718 3261 exercet
734 3217 771 3259 ac
784 3206 929 3271 renovat,
954 3213 1066 3257 memo-

87 3283 153 3342 riae
165 3301 330 3360 numquam
343 3282 537 3356 subducitur,
554 3299 633 3357 quae
645 3284 718 3363 nihil
731 3282 844 3357 perdit,
861 3282 919 3340 nisi
932 3283 971 3341 ad
985 3279 1069 3353 quod

88 3383 152 3425 non
169 3384 263 3442 saepe
279 3365 425 3442 respexit.
