2364 3840
295 107 345 166 DE
366 106 579 166 BENEFtctts
604 107 677 166 ΗΒ.
690 107 727 165 11.
744 115 786 169 rt.
800 117 840 168 ιε.
1021 107 1061 172 25

90 262 170 321 enim
185 267 434 320 transeamus
449 260 495 318 ad
510 259 669 317 alteram
684 265 830 333 partem
847 261 1060 335 tractaturi,

90 343 281 420 quomodo
311 358 352 402 se
383 357 520 416 gerere
547 341 723 400 homines
751 342 787 400 in
814 341 1060 416 accipiendis

86 425 300 488 beneficiis
330 426 508 484 debeant.
550 424 771 499 Quodcumque
792 440 830 484 ex
851 425 971 486 duobus
988 442 1060 486 con-

87 518 149 571 stat
164 510 313 581 officium,
332 509 517 568 tantumdem
535 509 572 567 ab
587 516 715 581 utroque
733 507 834 582 exigit.
858 510 956 583 qualis
976 517 1061 581 pater

88 611 161 654 esse
177 593 288 653 debeat
304 608 371 651 cum
386 592 575 665 inspexeriS,
600 591 680 650 scies
695 608 756 652 non
772 591 871 652 minus
884 593 987 666 operis
1000 593 1060 651 illic

89 692 271 752 superesse,
302 682 335 734 ut
361 675 523 750 dispicias,
546 675 667 750 quatem
694 691 765 734 esse
792 682 932 750 oporteat
955 675 1059 735 filium.

89 768 161 821 sunt
176 761 296 835 aliquae
311 766 415 833 partes
431 758 543 832 mariti,
566 759 622 817 sed
639 773 700 817 non
715 759 849 818 minores
866 759 980 818 uxoris.
1013 759 1092 821 int

88 844 186 902 vicem
202 842 261 902 ista
279 850 423 917 quantum
438 843 576 916 exigunt,
601 849 757 915 praestant
776 850 806 901 et
820 858 923 916 parem
939 842 1060 901 deside-

88 934 157 986 rant
170 928 322 1000 regulam,
346 941 439 1000 quae,
460 933 493 985 ut
509 925 550 986 ait
564 926 714 998 Hecaton,
737 925 870 985 difficilis
886 933 941 984 εει.
972 942 1060 985 omne

89 1011 170 1070 enim
185 1009 346 1068 honestum
358 1011 387 1068 in
403 1010 498 1069 arduo
512 1018 573 1081 est,
590 1009 679 1068 etiam
691 1009 775 1082 quod
788 1008 917 1068 vicinum
930 1008 1060 1070 honesto

89 1101 152 1165 εει,
174 1109 236 1152 non
253 1094 331 1151 enim
346 1100 459 1152 tantum
474 1094 540 1153 fieri
556 1092 661 1165 debet,
684 1093 741 1150 sed
754 1093 870 1151 ratione
890 1093 966 1151 fieri.
1003 1093 1061 1151 hac

89 1178 168 1236 duce
182 1192 237 1250 per
253 1184 343 1235 totam
369 1176 459 1236 vitam
480 1177 612 1236 eundum
634 1183 690 1235 est.
726 1175 848 1234 minima
867 1177 1061 1250 maximaque

90 1277 130 1318 ex
145 1260 235 1319 huius
251 1261 378 1320 consilio
394 1260 529 1332 gerenda
545 1267 629 1319 sunt:
653 1259 808 1331 quomodo
824 1259 901 1317 haec
919 1260 1060 1331 suaserit,

90 1344 233 1402 dandum.
270 1344 352 1402 Haec
369 1350 468 1402 autem
490 1343 561 1403 hoc
585 1343 744 1418 primum
767 1341 903 1401 censebit
926 1357 997 1400 non
1016 1342 1060 1399 ab

89 1427 267 1486 omnibus
289 1425 573 1499 accipiendum.
615 1428 643 1484 A
673 1425 812 1500 quibus
842 1440 932 1498 ergo
962 1425 1092 1489 acci-3

87 1511 258 1585 piemus‘t
293 1518 326 1569 ut
344 1509 475 1568 breviter
495 1510 548 1568 tibi
568 1511 789 1583 respondeam:
819 1508 862 1567 ab
881 1507 956 1579 his,
981 1507 1059 1582 qui-

86 1593 161 1651 bus
183 1593 345 1668 dedi-sse
369 1591 574 1651 videamur.
610 1593 687 1651 Num
703 1594 791 1650 etiam
809 1593 925 1651 maiore
940 1592 1060 1650 deiectu

90 1674 286 1748 quaerendus
312 1680 373 1745 est,
397 1673 445 1730 cui
470 1675 636 1733 debeamus
662 1692 752 1749 quam
776 1677 824 1733 cui
848 1679 1060 1749 praestemus?

87 1773 157 1818 nam
175 1763 205 1815 ut
220 1772 279 1814 non
297 1762 464 1828 sequantur
478 1756 540 1814 ulia
553 1757 760 1828 incommoda,
776 1767 946 1831 sequuntur
961 1766 1060 1817 autem

89 1839 234 1915 piurima,
257 1854 350 1912 grave
371 1845 471 1896 tamen
492 1846 672 1898 tormentum
698 1848 745 1898 est
769 1839 881 1897 debere
903 1841 951 1899 cui
970 1840 1059 1898 nolis.

90 1931 195 1982 contra
209 1920 462 1981 iucundissimum
478 1921 516 1979 ab
532 1935 569 1979 eo
585 1922 744 1995 accepisse
761 1921 952 1994 beneficium,
970 1938 1060 1996 quem

90 2021 192 2065 amare
208 2007 297 2065 etiam
313 2011 385 2078 post
398 2004 535 2063 iniuriam
554 2004 672 2079 possiS,
692 2004 743 2064 ubi
767 2003 927 2063 amicitiam
946 2005 1061 2077 alioqui

88 2090 252 2149 iucundam
274 2105 368 2148 causa
390 2087 460 2146 iecit
480 2097 510 2148 et
529 2088 648 2147 iustam.
684 2088 761 2147 Illud
782 2104 855 2147 vero
872 2087 986 2146 homini
1011 2095 1093 2148 vet

88 2172 224 2231 recundo
241 2180 271 2231 et
285 2171 382 2246 probo
398 2170 598 2231 miserrimum
614 2181 674 2244 est,
692 2173 802 2231 sicum
817 2178 1059 2247 amareoportet,

91 2270 182 2329 quem
197 2269 257 2314 non
274 2256 364 2315 iuvat.
398 2255 520 2313 Totiens
535 2255 715 2315 admoneam
729 2270 860 2315 necesse
878 2263 1000 2316 estnon
1016 2256 1059 2313 lo·

91 2338 143 2411 qni
160 2352 208 2394 me
227 2338 265 2396 de
280 2336 484 2411 sapientibus,
510 2354 589 2412 quos
612 2339 758 2413 quicquid
779 2345 900 2412 oportet
920 2344 950 2396 ct
969 2340 1060 2410 iuvat,

92 2420 143 2493 qui
157 2419 286 2478 animum
301 2421 329 2477 in
343 2426 494 2493 potestate
506 2420 618 2481 habent
630 2429 660 2480 et
671 2423 769 2494 legem
782 2421 840 2479 sibi
854 2436 944 2494 quam
956 2421 1062 2479 volunt

89 2503 207 2574 dicunt,
232 2519 321 2576 quam
341 2504 483 2562 dixerunt
504 2511 640 2577 servant,
670 2504 727 2563 sed
747 2504 786 2562 de
806 2503 983 2575 inperfectis
1004 2501 1058 2559 ho-

89 2586 221 2645 minibus
237 2586 396 2646 honestam
410 2588 490 2645 viam
506 2586 595 2660 sequi
613 2586 798 2658 volentibus,
824 2600 953 2658 quorum
975 2584 1028 2643 adi
1045 2615 1058 2624 ·

89 2677 157 2729 ctus
174 2685 268 2743 saepe
283 2670 498 2729 contumaciter
512 2677 628 2744 parent.
658 2670 764 2742 ltaque
780 2668 951 2740 eligendum
966 2675 1028 2741 est,
1043 2677 1092 2730 ao

90 2770 151 2827 quo
168 2752 349 2812 beneficium
365 2753 520 2827 accipiam.
551 2753 713 2827 etquidem
726 2751 897 2825 diligentius
911 2767 1056 2824 quaeren·

90 2837 149 2895 dus
165 2836 305 2894 beneficii
327 2852 419 2909 quam
441 2836 589 2909 pecuniae
611 2835 752 2894 creditor.
788 2834 865 2893 Huic
887 2835 965 2894 enim
990 2835 1058 2893 red-

90 2919 224 2978 dendum
241 2926 288 2977 est
305 2927 448 2992 qnantum
467 2918 589 2992 accepi,
612 2918 682 2976 etsi
700 2916 835 2990 reddidi,
858 2919 976 2977 solutus
992 2933 1059 2976 sum

90 3017 126 3061 ac
142 3002 228 3061 liber.
251 3001 338 3061 atilli
355 3002 424 3075 plus
440 3002 621 3061 solvendum
632 3008 702 3070 est,
718 3008 747 3058 et
762 2999 956 3061 nihilominus
970 2999 1058 3059 etiam

89 3086 184 3143 relata
198 3085 295 3158 gratia
311 3084 525 3144 cohaeremus:
542 3085 640 3143 debeo
653 3083 747 3155 enim,
765 3101 833 3144 cum
849 3083 977 3155 reddidi,
992 3099 1057 3141 rur-

89 3183 143 3227 sus
158 3168 294 3242 incipere
308 3175 471 3240 manetque
487 3167 624 3226 amicitia.
656 3168 695 3244 [et
708 3173 741 3226 ιιι
756 3172 786 3227 t'n
804 3167 973 3242 amicitiam]
998 3182 1058 3224 non

88 3251 257 3324 receperim
277 3249 449 3322 indignum,
473 3249 517 3308 sic
533 3265 571 3307 ne
589 3251 619 3308 in
634 3249 852 3310 beneficiorum
872 3251 993 3323 quidem
1009 3264 1057 3306 sa-

89 3334 291 3393 cratissimum
307 3334 371 3405 ius,
396 3348 516 3406 exque
539 3331 668 3391 amicitia
684 3335 788 3392 oritur.
823 3333 907 3406 „Non
930 3346 1058 3404 semper,
1071 3329 1090 3388 6
