2364 3840
194 252 199 262 ¹
259 179 401 241 Nawlt.
416 176 581 252 QUAEST.
604 177 726 236 LlB.11.
750 185 879 239 m-ra.
999 177 1058 240 ltlt

86 330 253 405 concipere
266 325 428 387 flammam.
451 327 553 402 itaque
567 327 730 385 verisimile
744 334 835 387 estet
849 327 878 387 in
894 332 965 387 aere
979 345 1059 389 aurn-

86 430 150 488 mo,
175 412 228 488 qui
248 418 386 471 naturam
405 411 545 486 rapiendi
565 409 644 484 ignis
665 409 772 483 habet,
801 410 913 484 aliquid
934 414 1061 472 accendi

86 498 191 558 calore
205 495 339 555 aetheris
353 494 551 569 superpositi.
581 507 710 552 necesse
725 500 773 552 est
788 493 882 566 enlm,
899 502 932 554 ut
943 502 973 553 et
983 494 1061 555 imus

88 581 193 642 aotlrer
212 578 325 639 habeat
343 578 458 652 aliquid
478 575 542 636 aeri
561 576 659 636 simile
680 585 710 636 et
728 592 865 637 summus
879 592 932 638 aer
947 593 1007 637 non
1023 578 1063 639 sit

90 660 247 724 dissimilis
265 661 325 721 imo
346 659 475 732 aetheri,
505 660 656 735 quianon
678 660 712 719 tlt
731 661 832 720 statim
852 661 883 719 in
906 661 1062 721 diversum

89 763 127 808 ex
145 746 271 806 diverso
291 745 452 804 transitus:
474 744 617 818 paulatim
632 742 691 803 isla
705 743 733 802 in
750 744 884 804 confinio
899 744 961 825 vim
975 759 1060 803 suam

89 831 217 890 miscent
236 827 292 902 ita,
310 835 344 888 ut
363 826 501 886 dubitare
523 828 640 901 possis,
661 843 700 885 an
720 843 788 902 aer,
811 844 849 887 an
870 827 919 887 hic
937 827 996 887 iam
1011 845 1060 887 ae-

90 913 154 973 ther
168 911 218 972 sit.

147 995 207 1056 XV
209 1038 217 1053 .
238 993 366 1068 Quidam
378 1009 417 1053 ex
428 992 541 1053 nostris
554 993 725 1053 existimant
736 997 822 1066 aera,
838 1011 906 1054 cum
917 995 1060 1070 inignem

89 1087 240 1155 etaquam
252 1078 403 1139 mutabilis
416 1077 463 1148 sit,
478 1092 539 1136 non
549 1076 709 1136 detrahere
720 1077 841 1137 aliunde
852 1093 964 1139 causas
975 1078 1060 1138 ilani·

89 1178 206 1223 marum
229 1177 336 1221 novas.
355 1160 433 1235 ipse
452 1161 531 1219 enim
553 1175 588 1219 se
609 1161 761 1219 movendo
783 1161 922 1220 accendit
942 1170 971 1221 et
992 1179 1061 1221 cum

87 1247 206 1307 densos
227 1251 457 1320 conpactosque
477 1244 601 1302 nubium
617 1243 702 1302 sinus
718 1243 862 1317 dissipat,
885 1247 1060 1306 necessario

90 1336 209 1390 vastum
223 1327 254 1387 in
268 1335 328 1388 tam
343 1341 519 1401 magnorum
533 1342 697 1401 corporum
713 1326 885 1401 diruptione
900 1328 1001 1387 reddit
1012 1344 1061 1387 so-

89 1430 172 1474 num.
204 1412 260 1472 llla
280 1428 372 1486 porro
391 1410 514 1470 nubium
529 1410 690 1470 dificulter
704 1409 876 1470 cedentium
892 1426 996 1485 pugna
1009 1413 1061 1471 ali-

91 1494 166 1572 quid
185 1496 304 1556 confert
324 1495 362 1554 ad
384 1494 593 1555 concitandum
607 1493 723 1568 ignem,
746 1495 791 1554 sic
807 1495 1062 1569 quemadmodum

89 1581 171 1642 terro
199 1579 239 1638 ad
266 1578 430 1638 secandum
453 1578 564 1651 aliquid
586 1594 693 1638 manus
714 1579 851 1652 conten,
878 1579 935 1638 sed
956 1595 1062 1640 secare

90 1664 161 1724 terri
176 1669 232 1722 est.

150 1745 231 1806 xvt.
255 1743 351 1819 Quid
374 1761 466 1819 ergo
489 1745 589 1803 inter
610 1745 913 1818 fulgurationem
930 1755 967 1807 et
989 1748 1061 1807 lul·

90 1844 171 1890 men
199 1834 283 1889 esti
311 1828 419 1888 dicam.
459 1827 631 1901 Fulguratio
649 1834 698 1886 est
718 1828 776 1886 late
796 1829 875 1901 ignis
891 1831 1061 1903 explicitus,

91 1913 204 1975 tulmen
225 1918 274 1977 eat
292 1917 415 1972 coactus
432 1911 511 1985 ignis
529 1919 558 1971 et
571 1911 675 1984 inpetu
689 1912 795 1969 iactus.
832 1909 973 1971 Solemus
988 1913 1061 1973 dua·

90 1995 299 2057 busmanibus
310 1994 387 2056 inter
398 1994 553 2055 seiunctis
564 2009 673 2068 aquam
686 1994 848 2068 concipere
866 2001 897 2054 et
917 2010 1062 2068 conpres-

91 2095 128 2140 sa
141 2080 294 2154 utrimque
309 2079 408 2154 palma
423 2079 453 2137 in
467 2079 591 2138 modum
606 2075 745 2151 siphonis
757 2076 943 2151 exprimeret
967 2079 1064 2138 simila

92 2162 239 2239 quiddam
250 2169 281 2221 et
291 2162 350 2221 illic
360 2162 424 2221 lieri
436 2171 518 2236 puta.
550 2161 680 2220 Nubium
690 2161 768 2220 inter
779 2177 814 2221 se
826 2177 1063 2237 conpressorum

91 2247 252 2321 angustiae
272 2245 403 2306 medium
427 2245 562 2319 spiritum
583 2243 695 2305 eiciunt
715 2253 744 2304 et
772 2245 831 2306 hoc
856 2247 925 2320 ipso
945 2246 1062 2306 iollam·

91 2337 176 2391 mant
198 2337 229 2390 et
247 2329 386 2389 tormenti
408 2329 498 2388 modo
523 2331 667 2388 emittunt.
696 2345 765 2388 nam
790 2329 918 2389 balistae
940 2346 1063 2405 quoque

93 2413 338 2487 scorpionesque
353 2413 412 2471 tela
425 2428 493 2471 curn
508 2428 584 2471 sono
600 2413 764 2488 expellunt.

153 2497 249 2556 XVII.
277 2495 404 2569 Quidam
426 2495 598 2555 existimant
617 2512 686 2556 eum
712 2497 850 2570 spiritum
877 2495 1064 2570 perfrigida

92 2587 186 2654 atque
206 2579 330 2638 humida
350 2587 498 2638 meantem
519 2595 628 2638 sonum
648 2580 794 2638 reddere:
817 2594 856 2637 ne
872 2580 984 2637 terrum
1001 2578 1065 2652 qui·

93 2663 164 2724 dem
189 2662 300 2723 ardens
326 2661 445 2729 silentio
470 2661 605 2736 lingitur,
634 2663 690 2722 sed
711 2663 737 2721 si
758 2662 787 2720 ln
811 2676 922 2735 aquam
943 2662 1065 2720 fervens

93 2762 198 2806 massa
211 2746 385 2820 descendit,
407 2761 475 2805 cum
491 2748 584 2810 multo
601 2760 754 2805 murmure
770 2744 980 2818 exstinguitur.
1010 2750 1064 2816 [ut]

94 2830 299 2890 Anaximenes
319 2830 374 2889 uit:
397 2830 541 2904 „spiritus
558 2830 695 2888 incidens
713 2826 843 2887 nubibus
859 2828 989 2888 tonitrua
1004 2829 1067 2888 edit

94 2920 138 2986 et,
166 2913 239 2973 dum
263 2914 392 2973 luctatur
413 2928 469 2986 per
494 2911 646 2972 obstantia
670 2918 761 2984 utque
782 2911 923 2972 intercisa
943 2913 1065 2986 vadere,

94 2997 165 3071 ipsa
178 2997 279 3071 ignem
293 2998 365 3070 luga
379 2995 546 3056 accendit.“

157 3080 263 3142 xvllt.
285 3080 530 3140 Anaximandros
543 3077 644 3137 omnia
657 3078 696 3136 ad
709 3075 846 3153 spiritum
856 3078 966 3139 retulit.
990 3078 1065 3152 „To-

97 3163 209 3232 niuua,
238 3163 347 3238 inquit,
378 3170 448 3222 sunt
469 3161 557 3220 nubis
573 3159 650 3220 ictae
665 3177 770 3222 sonus.
807 3161 906 3236 Quare
921 3161 1065 3237 inaequa-

97 3245 136 3305 lia
156 3252 246 3306 suntt
273 3245 344 3321 quia
363 3253 394 3304 et
411 3244 479 3320 ipse
493 3245 572 3304 ictus
587 3245 754 3321 inaequalis
769 3255 825 3306 est.
861 3245 959 3320 Quare
974 3254 1004 3306 et
1018 3261 1065 3305 se-

96 3344 171 3391 reno
190 3335 295 3390 tonali
321 3329 392 3404 quia
411 3337 483 3390 tunc
505 3345 628 3403 quoque
649 3345 704 3405 per
720 3346 866 3405 quassum
885 3340 915 3389 et
935 3328 1066 3388 scissum

98 3415 169 3471 aera
188 3412 312 3486 spiritus
334 3413 460 3489 prosilit.
500 3413 540 3473 At
561 3429 656 3487 quare
671 3414 834 3487 aliquando
850 3429 910 3473 non
927 3412 1067 3484 fulgurat.
