2364 3840
287 181 339 241 DE
360 177 574 240 BENEFICIIS
597 177 735 237 LlB.Vl.
759 184 890 238 18-22.
1016 173 1076 236 119

87 333 289 395 nihilominus
311 330 428 406 aliquid
447 330 520 391 mihi
543 328 782 404 dependendum
806 330 921 401 sciam,
945 329 1015 403 quia
1036 329 1075 390 ad

87 434 142 479 me
161 431 290 492 quoque
310 414 439 475 circuitu
458 415 551 488 longo
571 412 720 487 pervenit.
755 411 884 486 Propter
899 427 948 472 me
964 411 1073 471 iactum

87 501 186 562 debet
202 514 275 560 esse
290 499 375 574 quod
390 513 439 559 me
454 496 578 571 obliget.

155 584 219 643 XX.
242 583 342 656 „lsto,
364 581 477 656 inquit,
495 581 589 641 modo
602 595 658 639 nec
670 581 759 638 lunae
770 594 829 641 nec
840 578 899 639 soli
912 578 1104 653 quicquamt

87 666 204 729 debes:
228 682 290 725 non
306 666 385 725 enim
401 672 528 740 propter
541 671 572 723 te
586 668 777 724 moventur.“
813 662 876 722 Sed
892 679 961 723 omn
973 663 1003 721 in
1016 661 1075 721 hoc

89 758 289 824 moveantur,
304 757 337 809 ut
349 749 495 811 universa
510 755 708 819 conservent,
724 754 754 806 et
766 762 823 822 pro
836 761 885 805 me
898 752 1074 806 moventur:

90 835 307 894 universorum
328 831 408 892 enim
429 847 502 907 pars
518 848 596 892 sum.
634 831 733 890 Adice
749 846 845 902 nuuc,
868 829 953 903 quod
970 831 1104 889 nostrae

88 924 122 979 et
142 918 252 977 horum
274 915 416 975 condicio
438 913 595 974 dissimilis
611 921 667 973 est.
696 930 765 973 nam
782 915 832 990 qui
849 914 921 975 mihi
936 913 1073 988 prodest,

90 1009 125 1061 ιιι
143 1016 200 1074 per
214 1015 263 1059 me
278 999 376 1073 prosit
391 997 464 1069 sibi,
485 1014 544 1057 non
562 997 647 1058 dedit
659 996 859 1069 beneficium,
880 998 952 1072 qnia
966 1013 1014 1056 rne
1028 996 1073 1055 in-

91 1091 294 1147 strumentum
306 1081 441 1143 utilitatis
455 1097 531 1141 suae
542 1081 622 1141 lecit.
645 1082 692 1140 scl
706 1088 807 1140 autern
817 1089 847 1140 et
858 1082 939 1151 luna,
954 1079 1074 1140 etiamsi

92 1166 185 1227 nobis
207 1176 338 1242 prosunt
355 1181 536 1237 succensa,
559 1181 620 1224 non
636 1165 672 1222 in·
684 1163 743 1223 hoc
758 1170 857 1223 tamen
873 1171 1017 1238 prosunt,
1041 1171 1074 1223 ut

91 1266 150 1326 per
173 1267 231 1311 nos
252 1253 372 1324 prosint
392 1249 465 1311 sibi:
496 1249 570 1324 quid
592 1249 671 1307 enim
693 1265 750 1307 nos
770 1248 909 1306 conterre
926 1247 985 1306 illis
1001 1263 1073 1321 pos-

89 1340 224 1396 sumus?

157 1416 235 1477 XXI.
264 1416 401 1491 ,‚Sciam,
432 1417 543 1490 inquit,
575 1416 672 1477 solem
699 1431 734 1474 oc
761 1417 862 1476 lunam
884 1413 974 1473 nobis
995 1414 1102 1472 vellel

92 1501 261 1577 prodesse,
291 1499 317 1558 si
338 1501 420 1560 nolle
439 1499 600 1574 potuerint.
633 1499 693 1560 illis
716 1505 899 1559 autemnon
922 1496 994 1556 licet
1014 1513 1072 1557 non

91 1585 227 1645 moverit
254 1585 295 1643 ad
314 1600 462 1643 summam
484 1584 654 1643 consistant
674 1590 703 1643 et
725 1599 804 1657 opus
826 1599 915 1642 suum
931 1581 1073 1640 intermit-

93 1673 190 1728 lant.“
224 1667 291 1727 Hoc
312 1668 383 1726 vide
399 1674 473 1742 quot
489 1667 590 1726 modis
605 1668 768 1727 refellatur.
804 1667 870 1726 Non
887 1666 957 1725 ideo
974 1665 1103 1723 minuet

92 1753 174 1825 vult,
198 1751 325 1825 quinon
342 1759 445 1824 potest
460 1752 555 1822 nolle,
577 1749 668 1810 immo
685 1751 848 1822 maximum
862 1755 1073 1824 argumentum

91 1842 142 1894 est
156 1835 261 1894 firmae
279 1835 443 1894 voluntatis
460 1850 498 1892 ne
513 1832 621 1893 mutari
635 1835 756 1907 quidem
770 1849 873 1906 posse.
905 1833 961 1890 Vir
971 1831 1072 1891 bonus

94 1935 155 1978 non
180 1926 282 1992 potest
303 1935 364 1978 non
387 1918 489 1977 lacere
511 1917 595 1991 quod
614 1917 694 1976 lacit.
722 1932 783 1976 non
799 1917 879 1976 enim
895 1914 1072 1985 eritbonus‚

92 2001 154 2063 nisi
175 2002 301 2061 lecerit:
330 2017 406 2075 ergo
431 2017 488 2060 nec
509 2001 610 2060 bonus
634 2001 678 2058 vir
698 2000 880 2060 beneficium
901 1999 971 2070 dat,
1002 1998 1073 2072 quia

93 2084 168 2154 tacit
182 2086 264 2160 quod
281 2085 386 2158 debet,
410 2101 470 2144 non
490 2091 590 2158 potest
605 2092 703 2143 autem
717 2100 777 2143 non
791 2084 908 2155 lacero,
924 2081 1008 2156 quod
1020 2082 1071 2140 de·

91 2169 154 2229 bet.
189 2168 350 2239 Praeterea
364 2171 488 2229 multum
505 2168 638 2242 interest,
655 2175 754 2228 utrum
769 2166 869 2227 dicas=
892 2183 953 2226 non
970 2173 1103 2240 potesta

91 2252 155 2313 hoc
168 2267 230 2312 non
246 2254 362 2325 lacere,
379 2253 450 2327 quia
466 2253 598 2326 cogitur,
614 2269 667 2311 en:
691 2268 752 2312 non
767 2258 870 2327 potest
884 2251 974 2311 nolle.
1001 2266 1072 2309 nam

86 2337 120 2397 ‚si
136 2351 266 2397 necesse
282 2343 330 2395 est
343 2336 383 2394 illi
399 2337 515 2408 lacere,
537 2352 598 2396 non
614 2335 712 2396 debeo
727 2337 787 2411 ipsi
801 2335 997 2407 beneficium,
1014 2333 1071 2393 sed

92 2420 224 2493 cogenti.
249 2419 276 2479 si
291 2434 421 2480 necesse
436 2427 483 2479 est
499 2419 541 2478 illi
558 2421 634 2480 velle
650 2420 689 2480 ob
704 2420 779 2493 hcc,
805 2421 876 2494 quia
891 2419 964 2478 nihil
979 2418 1072 2476 habet

92 2502 203 2563 melius
225 2503 309 2578 quod
328 2503 415 2575 velit,
437 2502 504 2577 ipse
525 2519 560 2562 se
575 2502 671 2577 cogit:
695 2505 736 2562 ita
751 2504 833 2576 quod
849 2511 1004 2574 tamquam
1020 2515 1070 2558 co-

91 2594 162 2647 acto
178 2602 240 2646 non
256 2586 416 2660 deberem,
439 2594 592 2661 tamquam
609 2586 730 2660 cogenti
745 2585 855 2644 debeo.
892 2581 1098 2654 „Desinantl

93 2669 208 2744 inquit,
230 2671 345 2751 velle·“¹
374 2669 441 2730 Hoc
461 2673 530 2730 loco
551 2670 603 2729 tibi
626 2668 700 2728 illud
722 2673 882 2727 occurrat:
917 2665 989 2738 Quis
1010 2673 1071 2725 tam

91 2754 222 2822 demens
243 2759 306 2824 est,
328 2761 361 2813 ιιι
381 2769 447 2813 eam
469 2759 560 2828 neget
574 2754 760 2812 voluntatem
776 2765 861 2822 esse,
886 2749 933 2808 cui
949 2755 1072 2809 nonest

92 2836 264 2911 perieulum
285 2837 445 2897 desinendi
466 2836 667 2909 vertendique
687 2850 721 2894 se
736 2835 766 2891 in
783 2833 980 2907 contrarium,
1002 2848 1072 2893 cum

91 2936 133 2983 ex
154 2921 280 2981 diverso
304 2937 393 2981 nemo
417 2935 517 2995 aeque
539 2917 635 2977 videri
659 2917 770 2976 debeat
784 2918 863 2976 velle
877 2933 967 2990 quem
983 2917 1071 2977 cuius

91 3004 237 3065 voluntas
252 3020 353 3079 usque
368 3020 405 3064 eo
422 3012 506 3071 certa
520 3011 581 3073 est,
604 3008 636 3060 ut
651 3008 775 3059 aeterna
791 3000 849 3058 sitt
869 3016 904 3058 an
919 3000 944 3059 si
957 3001 983 3058 is
996 3014 1071 3073 quo-

93 3103 156 3162 que
171 3089 250 3161 vult,
274 3088 327 3164 qui
343 3095 445 3163 potest
463 3086 563 3146 statim
580 3085 676 3154 nolle,
700 3084 726 3142 is
742 3098 803 3142 non
818 3080 969 3142 videbitur
983 3082 1072 3152 velle,

93 3171 123 3230 in
139 3169 228 3239 cuius
244 3179 379 3233 naturam
395 3188 456 3231 non
474 3169 556 3228 cadit
570 3169 672 3228 nollet

156 3255 249 3315 XXll.
271 3257 448 3330 „Agedum
472 3253 584 3326 inquit,-
603 3252 630 3310 si
646 3257 790 3325 possunt,
806 3244 981 3306 resistant.“
1007 3246 1074 3306 Hoc

93 3337 189 3400 dicis:
210 3341 312 3400 omnia
332 3339 392 3398 ista
413 3335 587 3410 ingentibus
608 3334 773 3394 intervallis
789 3331 915 3391 diducta
929 3337 959 3388 et
975 3329 1004 3387 iu
1020 3343 1073 3388 cu·

93 3420 228 3483 stodiam
240 3423 374 3483 universi
387 3418 540 3496 disposita
553 3419 697 3478 stationes
711 3433 784 3478 suas
797 3417 956 3487 deserant,
973 3411 1075 3472 subita
