2364 3840
43 131 46 135 ·
114 175 157 240 56
401 173 434 232 L.
457 173 603 231 ANNAEI
627 172 801 232 SENECAE

114 336 246 391 textatus
261 327 291 387 in
306 327 412 388 hostes
427 342 539 399 equum
555 324 731 385 concitavit:
754 342 860 400 parurn
877 335 938 399 est,
966 331 1056 404 quod
1070 341 1097 391 u:

115 412 289 489 perveniret
311 411 350 470 ad
374 417 504 484 patrem,
527 417 570 469 tot
592 409 727 483 pericula
743 411 894 470 maximos
911 412 1013 472 duces
1031 431 1096 474 cum

115 497 244 556 maxime
256 494 426 570 prementia
440 493 636 567 contempsit,
657 500 700 553 tot
712 494 872 568 obpositas
886 494 1096 570 difficultates,

116 582 200 656 quod
221 581 261 638 ad
282 578 410 653 primam
433 591 566 650 pugnam
582 577 718 636 exiturus
734 577 790 636 tiro
809 594 864 652 per
879 585 1098 641 veteranorum

85 666 247 738 tcorpora
263 661 409 732 cucurrit,
434 661 515 734 quod
533 676 631 720 annos
648 677 724 721 suos
739 660 928 721 transsilivit.
953 665 1059 724 Adice
1070 673 1098 724 ut

114 749 194 807 idem
217 752 335 821 patrem
354 758 439 802 reum
462 744 605 803 defendat
620 752 649 803 et
664 744 884 818 conspirationi
901 745 1097 808 inimicorum

115 830 283 906 potentium
304 826 428 900 eripiat,
456 835 489 887 ut
510 830 634 886 alterum
657 828 697 887 illi
714 829 905 888 consulatum
922 846 961 889 ac
977 834 1097 892 tertium

115 914 256 986 aliosque
268 912 401 971 honores
414 911 501 970 etiam
515 911 729 972 consularibus
742 913 1020 986 concupiscendos
1031 932 1098 976 con-

114 1003 215 1071 gerat,
242 1003 275 1055 ut
295 995 423 1069 pauperi
444 1003 547 1070 raptas
569 995 639 1054 belli
654 996 718 1055 iure
735 1012 811 1071 opes
828 996 930 1055 tradat
946 1006 993 1072 et,
1019 1001 1097 1074 quod

115 1087 162 1139 est
176 1078 354 1140 militaribus
370 1077 443 1138 viris
455 1079 735 1154 speciosissimum,
751 1079 873 1139 divitem
887 1080 974 1140 illum
990 1083 1096 1158 spoliis

85 1164 203 1224 tetiam
225 1164 387 1224 hostilibus
409 1163 508 1222 iaciat.
553 1162 584 1223 Si
608 1163 709 1222 adhuc
732 1179 840 1237 parum
861 1171 925 1239 est,
956 1167 1053 1227 adice
1071 1174 1097 1226 ut

113 1248 288 1323 provincias
312 1255 342 1307 et
363 1247 605 1307 extraordinaria
622 1248 748 1322 imperia
764 1248 930 1309 continuet.
961 1252 1057 1310 adice
1070 1259 1097 1310 ut

114 1332 220 1392 dirutis
243 1332 383 1392 maximis
405 1331 530 1390 urbibus
551 1332 680 1392 Romani
695 1330 815 1406 imperii
830 1332 897 1391 sine
918 1338 1047 1394 aemulo
1063 1335 1096 1394 ad

114 1424 197 1476 ortus
220 1430 415 1489 occasusque
436 1415 555 1474 venturi
577 1416 721 1476 defensor
742 1424 771 1476 et
793 1415 934 1476 conditor
949 1419 1095 1479 maiorem

113 1499 301 1560 nobilitatem
313 1499 406 1557 nobili
418 1498 484 1556 viro
496 1499 616 1573 adiciat,
632 1499 691 1558 dici
704 1497 859 1574 Scipionis
873 1507 1015 1573 patrem:
1039 1507 1094 1576 [on]

114 1583 239 1644 dubium
260 1589 321 1656 est,
352 1579 425 1656 quin
447 1585 613 1656 generandi
635 1585 760 1657 volgare
780 1583 969 1644 beneficium
995 1587 1095 1646 vicerit

114 1667 226 1725 eximia
241 1666 338 1740 pietas
355 1673 385 1724 et
398 1664 494 1725 virtus
510 1665 569 1740 ipsi
585 1666 652 1726 urbi
663 1668 768 1727 nescio
781 1674 881 1726 utrum
893 1667 1000 1729 maius
1012 1686 1093 1745 prae·

84 1750 225 1808 isidium
249 1749 392 1810 adserens
413 1766 452 1808 an
474 1750 592 1810 decus?
626 1751 758 1825 Deinde,
784 1751 809 1810 si
831 1750 890 1810 hoc
913 1768 1029 1826 parum
1046 1760 1092 1826 est

113 1834 196 1908 tinge
218 1833 349 1908 aliquem
370 1841 519 1894 tormenta
541 1835 635 1908 patris
656 1835 865 1906 discussisse,
895 1835 984 1910 tinge
1011 1839 1043 1896 in
1065 1851 1093 1896 se

112 1916 316 1978 transtulisse.
353 1918 437 1977 Licet
450 1918 503 1976 tilll
518 1919 546 1976 in
564 1925 707 1991 quantum
725 1919 799 1978 velis
815 1918 990 1979 extendere
1005 1920 1092 1979 bene

113 2002 182 2061 ficia
203 2002 271 2075 filii,
296 2017 363 2060 cum
385 2009 543 2076 paternum
565 2019 674 2061 munus
697 2008 726 2060 et
748 2002 880 2075 simplex
895 2002 934 2060 sit
951 2011 985 2064 et
1001 2004 1093 2076 facile,

112 2093 141 2146 et
154 2087 236 2145 danti
251 2085 471 2159 voluptarium,
489 2086 570 2157 quod
585 2101 714 2145 necesse
729 2092 776 2145 est
787 2085 837 2143 ille
848 2084 953 2145 multis
969 2089 1094 2160 dederit,

113 2168 203 2228 etiam
221 2166 333 2241 quibus
349 2168 475 2227 dedisse
493 2184 527 2227 se
544 2168 655 2243 nescit,
677 2169 707 2228 in
724 2186 783 2242 quc
800 2175 981 2230 consortem
997 2172 1093 2244 habet,

29 2271 32 2278 ·
113 2254 143 2310 in
161 2269 221 2325 quo
238 2252 388 2325 spectavit
402 2252 500 2326 legem
515 2253 659 2327 patriam,
682 2253 817 2327 praemia
829 2257 970 2328 patrum,
987 2257 1093 2317 domus

114 2350 150 2394 ac
172 2335 304 2393 iamiliae
326 2336 573 2410 perpetuitatem,
596 2335 697 2395 omnia
713 2336 921 2411 potiusquam
942 2353 1034 2416 eum,
1053 2339 1093 2400 cui

84 2419 213 2478 5dabat.
258 2418 334 2492 Quid
364 2421 390 2478 si
412 2419 479 2493 quis
501 2421 682 2494 sapientiam
705 2427 890 2480 consecutus
912 2419 999 2482 hanc
1023 2423 1094 2498 patri

113 2502 285 2578 tradiderit,
308 2503 479 2564 etiamnunc
495 2503 719 2578 disputabimus
734 2520 773 2563 an
791 2503 890 2563 maius
905 2505 1034 2582 aliquid
1049 2510 1094 2569 de·

113 2585 192 2646 derit
214 2603 304 2662 quam
326 2595 502 2662 acceperat,
526 2604 595 2649 cum
612 2590 702 2647 vitam
716 2588 838 2649 beatam
853 2588 934 2664 patri
952 2593 1094 2653 reddide·

111 2672 164 2744 rit,
188 2672 341 2745 acceperit
354 2679 470 2733 tantum
485 2671 598 2731 vitamt

84 2766 99 2818 1
174 2755 306 2815 XXXIV.
328 2755 411 2830 „Sed
428 2756 540 2830 patris,
563 2755 672 2830 inquit,
688 2755 869 2816 beneficium
883 2764 934 2817 est
947 2760 1093 2836 quicquid

112 2846 269 2912 praestare
285 2840 325 2899 illi
343 2842 463 2914 potest
497 2840 534 2898 Et
550 2841 760 2915 praeceptoris
775 2839 850 2915 mei,
874 2843 962 2914 quod
979 2843 1093 2906 institu-

112 2922 150 2982 tis
165 2922 341 2983 liberalibus
360 2923 486 2996 proieci.
509 2923 596 2999 ipsos
618 2931 734 2997 tamen,
759 2922 810 2998 qui
826 2924 1027 2989 tradiderunt
1041 2927 1093 2998 illa,

110 3008 373 3080 transcendimus,
395 3007 501 3081 utique
522 3024 592 3082 eos,
622 3008 674 3083 qui
696 3008 793 3082 prima
812 3008 969 3070 elementa
983 3012 1092 3074 docue-

111 3099 194 3164 runt,
218 3098 248 3151 et
264 3089 403 3164 quamvis
426 3091 492 3150 sine
508 3091 565 3151 illis
583 3108 672 3152 nemo
690 3092 854 3166 quicquam
869 3092 1012 3169 adsequi
1028 3111 1092 3172 pos-

111 3182 173 3246 set,
189 3191 250 3233 non
264 3180 365 3232 tamen
380 3181 657 3250 quantumcumque
671 3175 740 3251 quis
753 3175 923 3236 adsecutus
937 3187 1006 3253 est,
1024 3181 1092 3240 intra

110 3257 180 3316 illos
204 3263 261 3316 est.
296 3256 424 3317 Multum
445 3258 521 3318 inter
543 3260 640 3332 prima
661 3275 697 3318 ac
714 3258 846 3318 maxima
862 3259 1011 3325 interest.
1045 3275 1092 3323 net

110 3339 181 3399 ideo
210 3340 307 3413 prima
331 3341 531 3402 maximorum
558 3343 653 3403 instar
678 3349 764 3418 sunt,
793 3341 865 3415 quia
890 3343 965 3408 sine
992 3344 1091 3426 primis

109 3423 242 3483 maxima
257 3440 328 3485 esse
344 3442 405 3486 non
420 3432 562 3500 possunt.
