2364 3840
293 183 434 245 NATUR.
451 183 612 257 QUAEST.
635 185 705 244 LlB.
719 188 740 244 l.
761 195 860 248 6—8.
1002 185 1064 249 173

86 336 202 410 simile,
219 334 303 410 quod
316 341 418 408 potest
429 335 600 408 perlucere,
617 342 665 393 est
675 333 791 408 aliquid
803 343 832 394 et
844 351 958 409 aquae,
973 352 1064 410 quarn

86 419 208 480 etiamsi
230 417 365 478 nondum
382 417 487 488 habet,
509 418 569 476 iarn
585 425 680 491 parat.
712 418 743 478 id
764 425 826 478 est:
855 417 914 478 iam
929 419 996 478 eius
1013 435 1065 478 na·

86 510 154 564 tura
170 508 233 576 est,
255 502 286 561 in
303 516 394 575 quam
410 515 449 559 ex
464 515 520 560 sua
536 506 678 560 vertatur.

150 586 219 644 Vll.
246 584 429 659 „Quoniam
453 582 571 657 inquis,
595 585 662 645 vitri
684 583 784 644 fecisti
805 585 1005 658 mentionem,
1028 597 1094 647 exi

89 670 172 743 [hoc]
194 669 264 743 ipso
281 675 386 728 contra
406 674 436 727 te
457 676 665 740 argumentum
682 685 810 728 sumam.
847 669 973 743 Virgula
989 669 1068 729 solet

88 751 156 811 fieri
169 752 281 826 vitrea,
300 750 406 812 striata
420 752 469 810 vel
484 751 621 824 pluribus
636 751 755 825 angulis
773 752 803 810 in
820 752 945 812 modum
961 753 1066 811 clavae

87 843 212 896 torosa=
236 835 313 894 haec
334 834 360 894 si
380 834 410 893 in
429 839 636 896 transversum
657 835 755 895 solem
774 835 900 909 accipit,
930 837 1066 895 colorem

87 921 196 990 talem,
221 917 320 991 qualis
342 917 374 977 in
394 931 468 976 arcu
487 918 584 977 videri
605 919 697 991 solet,
720 919 833 991 reddit,
855 927 888 979 ut
906 920 988 979 scias
1003 936 1065 979 non

88 1000 253 1075 imaginem
267 1000 316 1059 hic
334 1001 408 1060 solis
424 1016 509 1071 esse,
532 1001 589 1060 sed
604 1003 716 1060 coloris
732 1002 925 1062 imitationem
941 1019 980 1062 cx
995 1019 1065 1080 pcr-

88 1090 214 1145 cussu.“
250 1083 382 1143 Primum
400 1084 430 1142 in
445 1083 504 1143 hoc
522 1091 699 1157 argumento
720 1086 813 1143 multa
832 1101 888 1158 pro
909 1102 958 1145 me
979 1095 1094 1150 suntad

90 1169 174 1244 quod
199 1168 327 1241 adparet
347 1183 366 1225 a
387 1167 453 1227 sole
473 1167 548 1227 fieri.
571 1169 654 1242 quod
672 1169 800 1241 adparet
816 1167 902 1229 laeve
920 1170 1065 1243 quiddam

89 1266 162 1312 esse
181 1251 315 1322 debere,
342 1250 439 1312 simile
466 1253 609 1324 speculo,
639 1251 723 1326 quod
750 1252 847 1310 solem
873 1253 1065 1326 repercutiat.

89 1334 203 1396 deinde
224 1334 310 1409 quod
330 1335 458 1408 adparet
477 1350 537 1394 non
559 1335 625 1393 fieri
644 1337 738 1394 ullum
753 1334 902 1407 colorem,
926 1335 981 1394 sed
997 1351 1065 1409 spe-

55 1424 63 1431 '
89 1419 168 1478 ciem
190 1419 259 1477 lalsi
282 1417 410 1491 coloriS,
435 1418 569 1492 qualem,
591 1427 624 1478 ut
639 1418 717 1492 dixi,
738 1418 946 1478 columbarum
963 1419 1067 1477 cervix

88 1508 120 1562 et
134 1501 227 1562 sumit
241 1508 271 1561 et
285 1502 384 1575 ponit,
406 1502 591 1576 ubicumque
606 1501 786 1562 deflectitur.
809 1501 869 1561 hoc
884 1508 984 1562 autem
996 1509 1025 1561 ct
1037 1502 1067 1560 in

89 1586 219 1660 speculo
238 1591 299 1658 est,
323 1587 371 1644 cui
387 1586 487 1645 nullus
499 1585 612 1645 inditur
624 1587 716 1657 color,
740 1586 796 1645 sed
809 1586 960 1646 simulatio
974 1601 1065 1660 quae-

89 1669 161 1728 dam
183 1668 296 1728 coloris
319 1669 417 1727 alieni.
459 1669 558 1728 Unum
580 1669 638 1728 hoc
659 1676 773 1729 tantum
794 1670 977 1729 solvendum
994 1666 1096 1729 mihis

90 1759 152 1826 est,
176 1751 261 1826 quod
283 1768 344 1812 non
364 1752 471 1811 visitur
492 1751 523 1810 in
544 1752 603 1811 ista
616 1752 735 1826 virgula
750 1753 824 1812 solis
839 1754 954 1827 imago,
977 1754 1065 1814 cuius

89 1835 170 1895 bene
192 1834 411 1909 exprimendae
432 1851 531 1909 capax
555 1851 616 1894 non
640 1841 695 1894 cst.
729 1837 785 1894 ista
800 1844 927 1895 conatur
943 1837 1067 1910 quidem

89 1919 223 1978 reddero
240 1918 416 1992 imaginem,
440 1918 512 1993 quia
525 1918 622 1978 laevis
638 1926 685 1977 cst
700 1916 825 1977 materia
841 1926 871 1977 ct
887 1920 926 1977 ad
940 1919 999 1977 hoc
1013 1919 1067 1977 ha-

89 2000 176 2073 bilis,
200 2002 257 2060 sed
279 2018 339 2062 non
362 2010 476 2076 potest,
500 2001 571 2075 quia
592 2002 755 2061 enormiter
775 2002 855 2059 lacta
872 2010 927 2061 est.
955 2002 981 2060 si
997 2007 1068 2075 apte

90 2084 240 2144 fabricata
260 2086 351 2158 loret,
380 2086 504 2144 totidem
527 2085 671 2145 redderet
692 2085 789 2155 soles
812 2092 887 2159 quot
910 2084 1069 2144 habuisset

89 2168 283 2244 inseptt'oocs.
309 2183 387 2243 quae
404 2170 475 2243 quia
490 2169 704 2230 discernuntur
718 2169 795 2229 inter
810 2184 859 2242 se,
880 2184 937 2228 nec
950 2169 1024 2228 satis
1036 2169 1066 2227 in

89 2253 190 2311 vicem
212 2252 329 2325 speculi
350 2252 458 2322 nitent,
482 2251 624 2312 inchoant
644 2260 759 2312 tantum
777 2251 925 2326 imagines
941 2268 998 2312 nec
1013 2268 1065 2312 ex-

91 2336 225 2411 primunt
240 2341 269 2393 et
284 2335 323 2394 ob
337 2334 436 2409 ipsam
451 2336 592 2395 viciniam
609 2337 729 2397 turbant
743 2339 816 2396 etin
832 2335 966 2410 speciem
983 2338 1065 2397 colo-

90 2418 133 2478 ris
149 2418 240 2477 unius
256 2418 420 2478 adducunt.

153 2502 233 2560 Vlll.
265 2504 324 2575 „At
346 2516 441 2577 quare
463 2517 552 2562 arcus
574 2518 634 2562 non
655 2503 751 2577 inplet
772 2502 890 2573 orbem,
917 2501 973 2559 sed
994 2513 1095 2572 parsi

90 2585 219 2645 dimidia
240 2585 305 2645 eius
326 2586 459 2658 videtur,
483 2600 550 2645 cum
572 2587 733 2660 plurimum
750 2584 913 2659 porrigitur
928 2583 1067 2641 incurva-

90 2672 252 2743 turque‘t“
288 2668 415 2742 Quidam
436 2669 477 2726 ita
496 2670 673 2743 opinantur:
697 2667 758 2738 sol,
781 2682 849 2725 cum
864 2665 902 2725 sit
917 2665 1010 2725 multo
1026 2666 1068 2724 al·

90 2752 151 2812 tior
165 2751 313 2824 nubibus,
337 2768 355 2809 a
369 2751 528 2825 superiore
542 2753 609 2811 illas
627 2757 742 2810 tantum
759 2749 888 2822 percutit
903 2755 995 2822 parte.
1019 2764 1066 2808 se-

91 2835 210 2909 quitur,
233 2841 265 2893 ut
278 2834 402 2893 inferior
417 2850 488 2908 pars
504 2850 608 2894 earum
620 2849 681 2892 non
693 2840 834 2907 tangatur
844 2831 969 2891 lumine=
993 2848 1067 2907 ergo

89 2933 162 2978 cum
174 2918 216 2977 ab
231 2934 291 2977 una
308 2923 392 2991 parte
405 2919 503 2977 solem
514 2918 679 2991 accipiant,
695 2932 786 2976 unam
799 2914 865 2976 eius
877 2924 990 2990 partem
1003 2916 1066 2975 imi-

92 3008 201 3071 tantur,
224 3016 303 3074 quac
318 3017 484 3075 numquam
496 3000 621 3060 dimidia
632 3001 728 3060 maior
740 3006 796 3060 cst.
831 2999 896 3061 Hoc
908 3003 1097 3074 argument

91 3091 155 3145 tum
176 3100 284 3158 parum
302 3091 482 3158 potensest.
513 3090 629 3159 queret
657 3084 742 3158 quia,
766 3084 905 3159 quamvis
921 3099 960 3142 ex
976 3097 1067 3157 supe-

91 3170 175 3228 11010
192 3175 277 3241 parte
292 3168 340 3228 sol
356 3168 408 3240 sit,
431 3175 524 3229 totam
539 3174 638 3226 tamen
655 3169 783 3241 percutit
797 3169 918 3228 nubem.
947 3182 1020 3241 ergo
1039 3171 1069 3225 et

92 3251 188 3325 tingit.
213 3251 338 3325 quidni?
366 3266 433 3310 cum
454 3251 558 3311 radios
574 3252 774 3311 transmittere
790 3253 888 3312 soleat
904 3257 933 3309 ct
949 3264 1068 3309 omnem

91 3334 276 3394 densitatem
297 3348 504 3408 perrumpere.
540 3333 657 3394 Deinde
677 3336 856 3394 contrariam
874 3349 938 3393 rem
956 3347 1069 3406 propo-

93 3416 153 3477 sito
168 3432 225 3478 suo
241 3417 356 3478 dicunt.
380 3431 450 3476 nam
465 3419 490 3477 si
506 3419 646 3492 superior
662 3425 709 3478 est
723 3420 771 3477 sol
786 3424 816 3477 et
829 3417 900 3477 ideo
917 3410 1069 3489 superiori
