2364 3840
162 193 226 257 262
455 191 488 251 L.
510 190 657 250 anunm
680 188 856 251 SENECAE

164 350 236 423 quia
252 361 386 422 superne
402 344 567 415 dimittitur,
589 343 660 403 etin
677 360 735 404 nos
750 342 832 404 cadit
842 344 1011 406 vehemens
1023 352 1056 406 et
1065 362 1141 421 acer,

164 433 248 509 quod
271 448 331 492 non
348 431 436 490 tusus
453 445 555 503 neque
570 443 626 502 per
641 435 777 502 apertum
791 429 889 503 venit,
910 429 967 489 sed
983 428 1103 490 laborat
1116 438 1142 490 et

163 517 219 577 iter
241 516 298 575 sibi
322 515 350 572 vi
372 530 408 572 ac
429 528 534 588 pugna
555 518 651 586 paret.
690 511 745 570 Hic
766 512 831 572 lere
849 512 954 573 brevis
974 511 1069 575 flatus
1089 522 1141 587 est,

165 602 237 676 quia
251 599 447 673 receptacula
463 597 604 667 nubium,
628 610 682 671 per
704 610 783 669 quae
804 596 966 669 terebatur,
990 612 1028 656 ac
1050 598 1141 657 muni-

163 693 265 746 menta
282 681 459 757 perrumpit.
483 681 553 740 ideo
569 681 773 739 tumultuosus
787 680 882 753 venit,
900 679 1069 755 aliquando
1085 699 1142 742 non

135 771 231 830 asine
253 769 323 842 igne
345 782 381 824 ac
405 779 482 823 sono
498 764 585 823 coeli.
622 764 659 823 Hi
676 764 758 823 venti
772 765 866 824 multo
880 765 1015 825 maiores
1031 765 1142 825 diutur-

163 855 330 924 moresque
353 856 438 921 sunt,
460 848 487 907 si
509 848 586 906 alios
609 862 734 923 qunque
754 846 845 908 llatus
869 863 909 906 ex
924 848 1036 908 eadem
1053 864 1143 909 causa

164 937 294 995 fluentes
317 935 346 991 in
367 948 402 992 se
426 932 616 991 abstulerunt
630 939 660 991 et
680 932 709 990 in
726 948 820 992 unum
835 930 1017 993 confluxere
1031 934 1142 1008 plures,

164 1020 243 1079 sicut
260 1024 411 1077 torrentes
433 1016 573 1076 modicae
595 1015 809 1089 magnitudinis
825 1021 912 1089 eunt,
935 1016 1083 1091 quamdiu
1097 1033 1143 1077 se-

164 1101 279 1177 paratis
302 1117 378 1160 suus
402 1117 512 1162 cursus
535 1106 597 1159 est:
627 1114 694 1158 cum
715 1115 789 1159 vero
811 1101 916 1174 plures
938 1100 969 1159 iu
990 1116 1028 1160 se
1048 1115 1143 1176 aquas

165 1191 396 1259 converterunt,
419 1183 577 1244 fluminum
593 1184 740 1243 iustorum
755 1199 791 1242 ac
803 1184 982 1258 perennium
995 1185 1142 1259 magnitu-

135 1278 153 1329 4
165 1272 265 1331 dinem
287 1268 451 1328 excedunt.
492 1270 574 1327 ldem
598 1265 742 1326 credibile
756 1275 804 1327 est
818 1266 885 1327 lieri
899 1274 930 1327 et
944 1268 975 1327 in
991 1269 1143 1343 procellis,

164 1365 197 1415 ut
217 1355 328 1413 breves
351 1354 425 1425 sint,
449 1351 592 1426 quamdiu
614 1350 753 1424 singulae
773 1357 857 1410 sunt=
878 1350 931 1410 ubi
949 1368 1025 1412 vero
1047 1353 1143 1412 socie-

164 1454 237 1497 vere
251 1438 333 1496 vires
351 1445 434 1496 etex
451 1435 587 1511 pluribus
603 1436 680 1494 coeli
697 1432 833 1508 partibus
848 1434 944 1495 elisus
956 1435 1084 1510 spiritus
1095 1452 1143 1496 eo·

135 1523 235 1581 edem
256 1536 292 1580 se
313 1520 454 1591 contulit,
477 1526 507 1578 et
525 1520 648 1593 inpetus
668 1519 726 1577 illis
748 1518 868 1578 accedit
882 1526 913 1578 et
933 1535 1031 1580 mora.
1063 1521 1145 1581 Facit

165 1622 238 1679 ergo
260 1611 383 1662 ventum
405 1604 540 1663 resoluta
560 1603 669 1663 nubes.
701 1617 781 1678 quae
801 1601 941 1677 pluribus
960 1603 1064 1665 modis
1085 1605 1144 1665 sol-

164 1689 258 1747 vitur:
278 1702 507 1761 nonnumquam
523 1686 787 1761 conglobationem
803 1687 884 1746 illam
896 1687 1026 1763 spiritus
1036 1689 1146 1764 rumpit

165 1775 416 1845 [nonnumquam]
433 1770 541 1830 inclusi
558 1772 630 1831 etin
646 1772 759 1830 exitum
773 1771 896 1832 nitentis
911 1772 1055 1845 luctatio,
1073 1789 1143 1833 non·

164 1871 330 1930 numquam
351 1855 443 1928 calor,
469 1871 558 1929 quem
580 1854 672 1914 modo
694 1856 740 1915 sol
762 1854 848 1927 lecit,
871 1855 965 1915 modo
985 1856 1057 1932 ipsa
1070 1858 1142 1916 arie-

164 1940 236 1999 tatio
252 1955 431 2014 magnorum
448 1937 526 1999 inter
541 1955 576 1998 se
594 1953 758 2012 corporum
774 1945 804 1997 et
818 1938 956 2000 adtritus.

137 2034 152 2085 1
226 2023 304 2082 Xlll.
335 2024 415 2083 Hoc
443 2025 545 2095 loco,
567 2023 594 2082 si
615 2022 666 2082 tibi
688 2022 816 2095 videtur,
840 2025 977 2097 quaeri
999 2030 1141 2101 potest,

165 2123 232 2165 cur
254 2107 367 2166 turbo
390 2108 470 2168 liat.
501 2106 632 2165 Evenire
644 2106 672 2164 in
685 2105 861 2167 fluminibus
874 2107 964 2182 solet,
980 2116 1024 2183 ut,
1040 2125 1142 2185 quam·

164 2189 216 2247 diu
231 2189 298 2247 sine
313 2189 521 2262 inpedimento
534 2190 678 2262 lemurum
700 2190 831 2265 simplex
843 2200 874 2252 et
887 2199 1007 2253 rectum
1020 2192 1082 2253 illis
1091 2194 1142 2253 iter

164 2273 217 2331 sit:
238 2273 291 2331 ubi
306 2273 498 2331 incurrerunt
511 2272 541 2330 in
556 2273 682 2349 aliquod
697 2290 806 2334 saxum
821 2274 860 2334 ad
875 2278 957 2337 latus
972 2272 1141 2353 ripae'pro·

163 2357 298 2427 minens,
320 2362 557 2430 retorqueantur
576 2364 607 2417 et
627 2356 656 2416 in
674 2358 779 2418 orbem
793 2375 892 2434 aquas
908 2361 978 2421 sine
992 2362 1078 2423 exitu
1092 2360 1141 2421 lle·

164 2447 259 2515 etant,
283 2442 322 2500 ita
338 2447 370 2499 ut
385 2441 578 2500 circumlatae
592 2442 621 2500 in
638 2458 672 2502 se
685 2443 866 2504 sorbeantur
878 2451 908 2504 et
920 2444 1071 2506 vorticem
1081 2443 1140 2506 elli·

135 2525 253 2585 sciant.
299 2524 350 2584 Sic
371 2532 499 2597 ventus,
530 2526 674 2600 quamdiu
695 2527 768 2586 nibil
795 2527 929 2601 obstitit,
961 2528 1047 2591 vires
1072 2543 1139 2591 suas

164 2609 307 2669 effundit:
330 2608 383 2668 ubi
405 2609 507 2685 aliquo
532 2608 742 2683 promuntorio
760 2627 967 2686 repercussus
986 2609 1140 2675 estautvi

162 2694 300 2754 locorum
324 2693 497 2754 coeuntium
514 2695 544 2752 in
561 2696 697 2753 canalem
715 2694 867 2756 devexum
880 2703 1071 2775 tenuemque
1084 2698 1139 2758 col-

162 2777 274 2849 lectus,
291 2777 417 2852 saepius
430 2779 459 2836 in
472 2793 507 2837 se
519 2779 672 2838 volutatur
683 2779 873 2856 similemque
885 2781 959 2857 illis,
976 2798 1058 2860 ques
1069 2780 1138 2843 dixi·

133 2864 228 2917 ttmus
252 2862 388 2921 converti
404 2878 517 2936 aquas,
541 2863 612 2922 lacit
626 2862 781 2923 vorticem.
816 2865 873 2924 Hic
887 2874 1000 2929 ventus
1015 2866 1137 2930 cucum-

162 2950 249 3002 actus
266 2951 295 3002 et
309 2946 449 3004 eumdem
465 2945 602 3006 ambiens
617 2946 718 3007 locum
733 2963 769 3007 ac
781 2964 816 3008 se
828 2950 897 3024 ipsa
907 2950 1060 3029 vertigine
1072 2966 1137 3013 con·

163 3026 259 3084 citans
275 3027 364 3085 turbo
381 3036 438 3088 est.
463 3031 514 3104 qui
530 3030 556 3089 si
568 3032 738 3106 pugnacior
749 3040 797 3093 est
807 3048 844 3093 ac
855 3033 970 3096 diutius
982 3040 1137 3107 volutatur,

161 3107 365 3168 inflammatur
379 3117 409 3169 et
426 3113 520 3172 elficit
533 3116 615 3187 quod
631 3124 813 3190 prestera
829 3118 937 3180 Graeci
952 3128 1079 3183 vocante
1092 3119 1136 3179 lm

162 3200 209 3252 est
224 3193 332 3268 igneus
347 3195 446 3256 turbo.
483 3195 587 3257 *Hinc
606 3200 671 3258 lere
687 3201 787 3260 omnia
799 3203 936 3277 pericula
949 3206 1033 3267 venti
1044 3204 1137 3279 erupti

161 3277 200 3336 de
216 3277 349 3338 nubibus
366 3279 551 3354 prodeunt*‚
574 3283 687 3356 quibus
703 3292 839 3346 armenta
849 3288 1009 3362 rapiantur
1020 3296 1135 3351 ettotac

161 3377 257 3421 naves
273 3363 304 3420 in
320 3362 449 3422 sublime
467 3366 617 3425 tollantur.

129 3456 146 3509 4
221 3445 401 3507 Etiamnunc
425 3448 549 3522 quidam
569 3452 651 3510 venti
674 3452 815 3514 diversos
836 3470 876 3514 ex
895 3471 931 3517 se
951 3462 1100 3533 generant
1110 3457 1136 3515 el
