2364 3840
146 170 211 233 274
436 171 469 229 L.
490 171 637 230 aunam
661 170 837 232 sunnone
895 234 901 247 ,

148 340 218 387 cum
240 320 280 383 sit
301 322 509 382 necessarium
532 336 549 379 e
571 323 631 381 vitu
654 322 739 381 exire
757 330 786 381 et
808 320 975 397 aliquando
997 324 1133 385 emittere

149 409 295 481 animam,
318 406 435 466 maiore
457 406 558 480 perire
577 404 696 465 ratione
718 406 809 466 iuvet.
839 405 976 466 Necesse
997 415 1046 468 est
1060 409 1133 469 rnori

148 490 351 565 ubicumque,
369 490 566 564 quandoque.
589 495 648 548 stet
663 489 733 548 licet
747 489 807 549 ista
818 489 928 550 humus
942 496 973 549 et
988 506 1023 551 se
1034 498 1135 551 teneat

149 575 215 635 suis
238 575 350 634 fluibus
373 590 430 633 nec
447 573 509 633 ulla
526 574 654 633 iactetur
670 572 794 647 iniuria,
816 589 912 648 supra
929 589 980 632 me
995 577 1133 650 quando·

150 676 210 733 que
233 660 303 717 erit:
333 657 475 728 interest,
498 672 555 730 ego
575 657 655 716 illam
677 656 749 715 mihi
771 672 809 716 an
825 657 894 732 ipsa
909 672 945 717 se
959 657 1032 718 mihi
1047 659 1133 733 inpo-

115 745 134 799 8
149 750 221 801 natt
243 742 395 801 diducitur
410 750 440 800 ot
455 740 567 813 ingenti
584 740 720 814 potentia
736 741 841 801 nescio
864 741 952 801 cuius
968 743 1040 801 ntuli
1053 759 1132 801 rum-

150 828 230 901 pitur
245 834 334 884 elme
346 825 558 883 ininmensam
573 824 762 884 altitudinem
774 824 908 885 abducit.
932 825 1008 900 quid
1019 833 1134 901 porro?

151 926 234 969 mors
255 907 351 966 levior
372 906 401 966 in
428 909 521 982 plano
543 913 610 967 estl
642 907 717 982 quid
737 907 835 966 habeo
852 909 935 983 quod
952 923 1080 984 querar,
1108 911 1133 969 si

150 1008 251 1051 rerum
277 996 385 1049 natura
406 1007 454 1050 me
475 1007 536 1051 non
558 993 623 1051 vult
643 992 744 1051 iacere
764 992 888 1065 ignobili
903 992 987 1052 letor
1021 994 1048 1053 si
1063 993 1132 1051 mihi

117 1080 134 1133 9
151 1076 233 1134 inicit
248 1075 295 1133 sui
315 1083 451 1149 partem?
479 1075 608 1150 Egregie
623 1075 782 1149 Vagellius
807 1090 894 1136 meus
916 1074 947 1134 in
963 1077 1015 1136 illo
1030 1077 1132 1138 inclito

153 1159 300 1218 carmine:

192 1244 227 1302 Si
240 1244 409 1304 audendum
423 1250 480 1313 est,
496 1242 607 1316 inquit,
623 1244 709 1315 milti,
730 1245 841 1303 ecoelo
853 1244 996 1305 cecidisse
1009 1248 1106 1305 velim.

150 1327 231 1387 idem
244 1327 314 1385 licet
326 1324 443 1385 dicere:
460 1325 487 1385 si
500 1326 671 1385 cadendum
682 1332 744 1399 est,
761 1324 868 1386 cadam
880 1326 956 1386 orbe
968 1342 1133 1402 concusso,

151 1427 212 1469 non
230 1410 302 1484 quia
325 1410 370 1468 las
395 1416 442 1468 est
459 1418 566 1484 optare
589 1408 741 1484 publicam
763 1410 895 1482 cladem,
923 1411 981 1471 sed
998 1413 1072 1488 quia
1091 1413 1133 1471 in-

152 1510 229 1568 gens
243 1494 349 1552 mortis
361 1494 502 1553 solatium
515 1500 562 1552 est
576 1500 687 1552 terram
704 1508 828 1567 quoque
845 1492 951 1553 videre
963 1496 1133 1556 mortalem.

122 1587 134 1634 1
216 1577 264 1635 lll.
286 1576 387 1635 lllud
410 1591 563 1649 quoque
584 1576 761 1650 proderit
783 1580 1133 1650 praesumereani-

152 1677 223 1732 mo,
245 1658 341 1718 nihil
362 1659 497 1717 luorum
520 1660 615 1719 deos
632 1661 778 1735 lacere,
800 1674 902 1736 neque
916 1662 962 1721 ira
977 1663 1134 1723 numinum

152 1741 339 1802 autcoelum
356 1743 544 1802 concutiant
561 1751 686 1803 terram=
708 1760 800 1804 suas
816 1743 893 1804 ista
908 1760 1053 1808 causas
1069 1746 1134 1806 ha·

152 1828 244 1886 bent
260 1841 316 1885 nec
332 1841 371 1884 ex
385 1827 513 1902 imperio
531 1827 685 1901 saeviunt,
708 1828 766 1887 sed
781 1825 966 1903 quibusdam
978 1824 1082 1905 ¹vitiis,
1103 1836 1136 1891 ut

154 1927 287 1986 corpora
308 1919 428 1984 nostra,
454 1911 612 1971 turbantur
633 1918 663 1969 et
678 1919 764 1985 tunc,
790 1927 857 1970 curn
873 1912 975 1972 lucere
993 1912 1135 1973 videntur

121 1995 306 2068 riniuriam,
341 1991 502 2070 accipiunt.
541 1994 637 2054 Nobis
662 2003 762 2056 autem
788 1995 1000 2070 ignorantibus
1029 2012 1133 2058 verum

154 2079 256 2138 omnia
281 2079 463 2138 terribiliora
488 2085 574 2151 sunt,
600 2080 705 2154 utique
731 2095 860 2154 quorum
885 2086 998 2140 metum
1024 2082 1133 2142 raritas

154 2169 253 2235 auget.
276 2162 376 2221 levius
391 2163 533 2221 accidunt
548 2163 719 2235 familiaria,
737 2162 790 2238 [et]
808 2179 847 2223 ex
862 2162 987 2225 insolito
1003 2166 1132 2225 formido

153 2245 251 2302 maior
273 2250 328 2302 est.
353 2244 452 2316 Quare
473 2250 572 2303 autem
596 2246 760 2320 quicquam
782 2247 872 2306 nobis
894 2246 1052 2309 insolitum
1068 2255 1134 2308 esti

155 2329 226 2402 quia
243 2334 379 2386 naturam
396 2327 510 2399 oculis,
529 2345 588 2388 non
605 2330 722 2389 ratione
737 2329 1018 2405 conprehendimus
1032 2347 1133 2408 neque

156 2410 340 2486 cogitamus,
361 2411 433 2486 quid
449 2411 498 2470 illa
514 2413 615 2471 lacere
625 2412 740 2488 possit,
759 2415 816 2474 sed
830 2420 945 2474 tautum
962 2413 1038 2489 quid
1054 2417 1131 2476 lece-

153 2497 200 2555 rit.
236 2496 344 2556 damus
365 2497 467 2570 itaque
488 2496 579 2556 huius
602 2498 810 2572 neglegentiae
831 2512 949 2573 poenas
976 2498 1131 2575 tamquam

122 2582 242 2640 bnovis
265 2581 373 2653 territi,
396 2596 464 2640 cum
486 2580 535 2639 illa
549 2596 609 2639 non
625 2582 686 2640 siut
700 2597 794 2653 nova,
817 2582 872 2641 sed
887 2580 1022 2642 insolita.
1056 2582 1131 2657 Quid

154 2672 249 2738 ergo?
270 2681 330 2724 non
345 2663 522 2737 religionem
537 2664 641 2723 incutit
655 2665 805 2724 mentibus
817 2673 848 2726 et
860 2665 985 2739 quidem
999 2666 1129 2741 publice,

155 2747 221 2806 sive
237 2749 369 2808 deficere
392 2750 439 2807 sol
453 2748 539 2808 visus
560 2757 622 2821 est,
645 2748 711 2807 sive
733 2749 819 2820 luna,
843 2748 932 2810 cuius
954 2750 1128 2810 obscuratio

154 2831 357 2904 frequentior,
374 2839 426 2890 aut
439 2838 526 2906 parte
540 2833 588 2891 sui
600 2838 651 2891 aul
665 2838 729 2892 tota
743 2831 879 2892 delituit?
899 2833 1058 2911 longeque
1071 2848 1130 2894 rna·

154 2913 202 2986 gis
224 2914 293 2972 illae
314 2921 400 2973 actae
421 2917 450 2972 in
466 2922 674 2976 transversum
690 2916 774 2975 laces
790 2923 820 2975 et
834 2915 913 2976 coeli
932 2932 1046 2992 magna
1060 2933 1129 2993 pars

159 2997 270 3056 ardens
293 3005 321 3056 et
343 2999 449 3058 crinita
470 2999 572 3058 sidera
593 3006 623 3060 ει
647 3000 752 3074 plures
774 2998 850 3059 solis
872 2998 964 3060 orbes
980 3009 1013 3061 et
1027 3002 1130 3063 stellae

157 3097 211 3154 per
228 3081 307 3139 diem
319 3079 404 3139 visae
418 3083 571 3156 subitique
583 3092 778 3159 transcursus
791 3083 903 3157 ignium
919 3085 1048 3146 multam
1061 3090 1131 3160 post

122 3172 143 3223 t
159 3181 194 3224 se
216 3165 312 3224 lucem
335 3164 525 3225 trahentium.
556 3166 634 3227 Nihil
648 3168 757 3226 horum
773 3169 839 3227 sine
853 3171 963 3228 timore
978 3167 1129 3231 miramur.

157 3255 186 3307 et
202 3264 269 3308 cum
283 3248 406 3308 timendi
422 3252 460 3309 sit
475 3266 569 3310 causa
589 3251 725 3325 nescire,
746 3268 809 3312 non
824 3259 871 3312 est
884 3251 959 3313 tanti
974 3252 1072 3325 seire,
1094 3266 1131 3311 ne

156 3332 286 3393 timeas?
319 3341 431 3408 quanto
454 3335 548 3395 satius
570 3342 618 3394 est
637 3350 749 3395 causas
764 3335 933 3412 inquirere,
958 3336 1131 3413 etquidem

155 3422 219 3478 toto
242 3415 272 3476 in
295 3418 356 3477 hoo
377 3417 524 3479 intentum
543 3419 675 3478 animot'
690 3421 884 3495 nequeenim
898 3419 951 3482 illo
966 3421 1129 3498 quicquam
