2364 3840
122 196 187 261 240
415 196 448 255 L.
470 194 617 254 ANNAEl
639 192 815 253 SENECAE

128 353 244 411 luisset.
286 347 368 420 „Nec
384 347 540 419 invidebo,
564 345 674 420 inquit,
696 345 785 405 vobis
800 344 858 405 hac
874 354 954 419 arte,
978 348 1036 406 sed
1050 347 1099 407 do·

126 433 203 494 cebo
220 448 291 502 eos,
314 432 426 505 quibus
443 431 581 505 quaesito
597 445 676 503 opus
691 437 753 502 est,
768 429 1029 504 quemadmodum
1042 448 1098 490 non

126 518 249 577 dubiam
274 515 424 574 tartunam
447 514 554 585 maris,
577 529 638 572 non
656 512 776 572 emendi
792 513 1009 590 trendendique
1023 512 1098 576 litem

126 601 271 671 subeam,
295 615 356 657 non
372 599 515 656 incertam
531 597 622 656 iidem
638 595 733 667 ruris,
755 597 948 657 incertiorem
960 598 1018 658 lori
1032 606 1099 658 tem-

127 691 225 758 ptent,
247 680 503 755 quemadmodum
524 696 584 738 non
604 680 703 739 solum
721 679 816 753 iacili,
839 681 1002 740 sedetiam
1018 681 1099 741 hilari

95 772 113 824 8
130 768 179 825 via
192 763 351 840 pecuniam
365 763 476 822 iaciant
486 763 718 837 gaudentesque
729 762 902 837 dispolient.
930 765 983 838 Te,
998 765 1099 839 inquit,

125 848 293 921 longiorem
308 845 383 904 Fido
397 848 524 904 Annaeo
539 845 646 905 iurabo
662 855 692 906 et
702 847 867 920 Apollonio
877 854 982 923 pycta,
999 864 1098 923 quam·

125 933 173 989 vis
195 937 340 989 staturam
361 929 475 988 babeas
501 928 622 989 Threcia
641 946 708 990 cam
724 928 840 989 Thrace
859 931 1024 1006 conpositi.
1051 931 1098 991 bo-

126 1015 237 1073 minem
259 1013 382 1086 quidem
400 1029 459 1072 non
477 1027 548 1071 esse
564 1013 655 1072 ullum
671 1010 873 1073 liberaliorem
889 1031 952 1075 non
966 1015 1097 1087 mentiar,

128 1114 195 1157 cum
224 1097 329 1170 possis
355 1096 452 1155 videri
479 1096 618 1156 omnibus
641 1095 793 1170 donasse,
821 1095 970 1172 quicquid
996 1099 1097 1158 dereli-

97 1180 251 1257 9quisti.“
292 1181 418 1252 linesi,
445 1181 484 1238 mi
505 1179 617 1239 iunior.
650 1195 712 1254 quo
733 1181 868 1254 apertior
890 1188 939 1241 est
960 1181 1097 1252 adulatio,

128 1280 189 1340 quo
206 1263 372 1339 inprobior,
396 1280 456 1338 quo
472 1263 567 1336 magis
584 1264 713 1323 irontem
727 1279 813 1322 suam
829 1264 1002 1338 perfricuit,
1027 1264 1097 1324 ceci·

128 1350 171 1408 dit
186 1348 332 1419 alienam,
355 1347 414 1406 boc
429 1346 517 1406 citius
533 1354 697 1420 expugnat.
719 1361 757 1406 eo
770 1349 849 1406 enim
860 1348 920 1406 iam
932 1348 1096 1409 dementiae

86 1438 119 1490 10
128 1430 280 1504 venimus,
309 1437 342 1489 ut
363 1431 414 1504 qui
434 1445 526 1503 parce
542 1431 689 1502 adulatur,
712 1445 769 1504 pro
783 1431 916 1504 maligno
939 1431 988 1491 sit.
1019 1431 1096 1492 Sole-

126 1516 196 1574 bam
218 1514 270 1573 tibi
293 1512 395 1572 dicere
416 1512 600 1587 Gallionem,
623 1514 744 1572 tratrem
764 1529 882 1587 meum,
905 1529 1095 1589 quemnemo

126 1615 186 1658 non
210 1613 316 1671 parum
338 1603 432 1668 amat,
456 1596 544 1654 etiarn
561 1597 612 1670 qui
627 1612 728 1656 amare
743 1597 813 1672 plus
828 1613 891 1657 non
905 1605 1024 1673 potest,
1045 1598 1096 1657 alia

126 1680 199 1740 vitia
219 1695 279 1737 non
302 1694 411 1752 nosse,
434 1678 493 1738 hoc
514 1694 582 1738 eum
604 1681 718 1741 odisse.
755 1681 804 1741 Ab
819 1680 901 1742 omni
917 1681 1000 1741 illum
1018 1689 1095 1757 parte

126 1762 294 1837 temptasti:
317 1762 470 1836 ingenium
481 1764 640 1838 suspicere
651 1765 779 1838 coepisti
792 1765 925 1825 omnium
938 1765 1094 1824 maximum

127 1855 158 1907 ct
179 1847 405 1920 dignissimum,
433 1847 516 1921 quod
539 1848 712 1908 consecrari
733 1849 839 1907 malles
862 1864 955 1923 quam
971 1846 1094 1909 conteri:

127 1930 224 2007 pedes
246 1930 378 1991 abstulit.
406 1931 606 2004 frugalitatem
626 1930 751 1989 laudare
772 1931 917 2004 coepisti,
946 1948 1009 2006 qua
1026 1932 1095 1991 sica

127 2015 213 2074 nonis
236 2016 385 2086 [moribus]
401 2013 532 2086 resiluit,
556 2022 589 2074 ut
603 2014 670 2073 iilos
685 2028 742 2072 nec
756 2012 871 2072 habere
884 2029 943 2073 neo
958 2014 1094 2075 damnare

84 2107 117 2159 11
127 2097 279 2156 videatur:
307 2098 404 2170 prima
426 2096 527 2156 statim
548 2097 643 2156 verba
661 2094 820 2170 praecidit.
850 2096 982 2171 coepisti
1002 2094 1095 2156 mirari

127 2178 298 2237 comitatem
320 2186 350 2238 et
370 2178 593 2253 inconpositam
616 2180 810 2254 suavitatem,
833 2194 915 2254 quae
936 2180 1007 2240 illos
1028 2193 1094 2254 quo-

128 2275 203 2335 que,
232 2276 310 2334 quos
331 2262 451 2334 transit,
481 2260 618 2333 abducit,
645 2263 807 2336 gratuitum
827 2262 918 2323 etiam
938 2263 969 2322 in
993 2260 1093 2324 obvios

126 2343 274 2403 meritum.
297 2359 386 2402 nenio
408 2345 485 2402 enim
506 2344 674 2405 mortalium
690 2344 816 2407 unitam
832 2345 932 2425 dulcis
948 2355 998 2408 est
1012 2360 1094 2422 quam

126 2428 175 2487 hic
192 2427 347 2500 omnibus,
365 2442 432 2485 cum
448 2426 565 2486 interim
580 2434 662 2489 tanta
676 2429 821 2489 naturalis
836 2429 909 2489 boni
922 2430 971 2490 vis
987 2439 1042 2504 est,
1058 2425 1094 2488 uti

128 2518 220 2571 artem
242 2511 526 2586 simulationemque
540 2528 600 2571 non
616 2514 761 2573 redoleat.
789 2528 879 2573 nemo
892 2529 955 2573 non
970 2507 1093 2588 inpulau‘

127 2594 185 2655 sibi
206 2594 370 2655 bonitatem
392 2593 544 2669 publicam
565 2595 692 2669 patitur:
714 2596 773 2654 boc
788 2611 915 2671 quoque
932 2598 1003 2657 loco
1017 2596 1093 2656 blan·

126 2679 207 2738 ditiis
228 2679 289 2739 tuis
304 2679 426 2751 restitit,
446 2687 479 2738 ut
492 2678 681 2739 exclamares
696 2677 852 2739 invenisse
867 2687 898 2738 te
911 2679 1093 2754 inexpugna-

126 2762 217 2818 bilem
232 2762 329 2822 virum
346 2763 494 2822 adversus
510 2762 654 2832 insidias,
679 2777 756 2836 quas
771 2778 860 2821 nemo
877 2778 939 2822 non
955 2762 986 2822 in
1001 2762 1093 2822 sinum

84 2844 239 2916 inrecipit.
281 2845 326 2904 Eo
348 2846 470 2919 quidem
496 2846 593 2918 magis
619 2845 697 2904 hanc
718 2844 785 2905 eius
805 2845 1001 2919 prudentiam
1022 2844 1093 2906 etin

127 2925 268 2985 evitando
290 2926 453 2987 inevitabili
478 2929 557 2986 malo
580 2928 776 3003 pertinaciam
798 2937 826 2988 le
846 2929 1010 3004 suspicere
1029 2943 1093 2989 con·

126 3008 229 3065 lessus
251 3023 301 3079 es,
324 3010 395 3082 quia
415 3026 597 3085 speraveras
613 3027 708 3086 posse
723 3013 838 3086 apertis
853 3013 979 3074 auribus
995 3010 1092 3085 recipi,

126 3090 265 3162 quamvis
286 3090 398 3150 blanda
419 3094 553 3166 diceres,
577 3096 648 3169 quia
662 3111 736 3154 vera
751 3095 892 3155 dicebas:
915 3096 972 3156 sed
989 3109 1092 3157 mma·

125 3173 172 3245 gis
193 3172 339 3232 intellexit
357 3174 550 3236 obstandum.
579 3193 702 3252 semper
723 3178 802 3238 enim
823 3179 909 3240 salsis
923 3196 944 3239 a
958 3195 1032 3240 vero
1046 3192 1091 3252 pc·

124 3255 194 3314 titur
209 3255 331 3315 veritas.
365 3256 442 3317 Nolo
458 3267 557 3318 tamen
573 3261 625 3321 tibi
641 3262 820 3337 displiceas,
837 3263 928 3336 quasi
938 3264 1020 3323 male
1031 3274 1090 3336 ege·

124 3336 166 3395 ris
190 3338 311 3398 mimum
333 3346 363 3398 et
384 3341 473 3414 quasi
493 3343 543 3402 ille
564 3344 677 3418 aliquid
699 3346 836 3405 iocorum
852 3352 905 3405 aut
922 3345 986 3408 doli
1000 3343 1089 3417 suspi-

83 3425 209 3482 13catus
236 3421 292 3481 sit=
325 3439 386 3483 non
413 3424 615 3498 deprehendit
639 3435 690 3502 te,
723 3429 779 3488 sed
804 3429 924 3504 repulit.
967 3428 1018 3490 Ad
1039 3425 1090 3486 hoc
