2364 3840
117 189 178 254 154
229 191 261 249 t.
278 189 365 248 ANN.
383 188 465 247 SEN.
482 186 532 246 DE
554 185 688 246 BENEF.
709 184 854 243 Liuvil.
877 191 922 244 st.
935 190 980 245 32.

115 352 181 403 tuas
197 342 301 401 ilecto:
322 356 383 400 aon
400 347 447 398 est
458 338 528 397 mihi
540 336 753 410 relatagratia,
771 337 843 411 quid
857 337 987 396 faciam?
1006 335 1078 412 quod

96 428 160 499 di,
188 425 322 486 omnium
343 439 444 482 rerum
466 422 571 495 optimi
593 427 750 492 auctores,
773 421 825 493 qui
841 419 991 480 beneficia
1006 421 1079 495 igno·

86 510 191 578 aranti
204 510 277 567 dare
294 506 454 580 incipiunt,
470 504 595 578 ingratis
612 508 820 578 perseverant.
856 503 945 563 Alius
957 503 1015 564 iilis
1027 503 1080 564 obi-

116 595 156 653 cit
167 590 387 666 neglegentiam
400 588 511 659 nostri,
528 589 605 647 alius
619 585 815 660 iniquitatem.
836 586 914 646 uiius
926 587 996 647 ilios
1007 594 1079 647 extra

115 677 261 737 mundum
283 689 372 732 suum
396 672 505 746 proicit
525 677 555 729 et
575 672 702 745 ignavos
720 669 911 744 hebetesque
930 671 998 730 sine
1014 673 1078 742 luce,

116 762 182 819 sine
198 759 258 818 aiio
275 770 369 830 opere
384 754 528 814 destituit.
553 755 630 814 atius
642 755 753 826 solem,
770 754 819 813 cui
834 753 993 828 debemus,
1009 753 1078 829 quod

115 845 193 902 inter
215 840 349 898 laborem
374 838 567 912 quietemque
588 846 707 912 tempus
727 837 902 911 divisimus,
927 838 1010 912 quod
1030 853 1077 896 non

116 923 249 985 tenebris
275 921 366 980 mersi
393 921 605 980 contusionem
630 930 771 980 aeternae
793 921 893 982 noctis
919 920 1077 996 effugimus,

117 1008 201 1082 quod
216 1021 328 1066 urinum
344 1020 436 1065 cursu
449 1021 505 1064 suo
519 1011 665 1078 temperat
676 1013 706 1065 et
717 1020 848 1078 corpora
859 1003 926 1077 alit,
943 1013 1008 1066 sata
1020 1021 1077 1064 evo-

116 1099 179 1165 cat,
209 1089 369 1164 percoquit
391 1090 521 1161 fructus,
551 1105 659 1148 saxum
681 1087 806 1162 aliquod
828 1097 880 1149 aut
901 1088 1099 1157 fortuitorum¹

115 1175 228 1249 ignium
252 1173 374 1248 globum
398 1181 428 1233 et
451 1172 572 1247 quidvis
601 1172 701 1246 potius
724 1187 814 1246 quam
836 1172 927 1231 deum
951 1172 1077 1247 adpetiat

87 1256 310 1326 tnibiiominus
325 1264 424 1317 tamen
440 1272 524 1315 more
540 1255 721 1329 optimorum
739 1262 913 1329 parentum,
934 1254 986 1330 qui
1001 1257 1076 1314 maie-

116 1342 205 1402 diotis
228 1357 353 1401 suorum
374 1340 530 1400 infantium
554 1340 706 1410 adrident‚
730 1355 792 1398 non
814 1346 940 1399 cessant
956 1340 986 1399 di
999 1339 1076 1398 bene-

115 1426 185 1484 ficia
200 1440 367 1497 congerere
384 1425 423 1482 de
433 1422 652 1483 beneficiorum
664 1430 789 1481 auctore
802 1421 1018 1494 dubitantibus,
1033 1419 1078 1481 sed

117 1509 235 1583 aequati
260 1515 367 1565 tenore
388 1506 468 1564 bona
489 1521 545 1564 sua
567 1522 621 1580 per
642 1514 748 1580 gentes
773 1507 970 1580 populosque
993 1503 1077 1565 distri·

115 1591 212 1650 buunt
224 1606 314 1650 unam
327 1589 490 1663 potentiam
504 1590 613 1660 sortiti,
632 1590 796 1663 prodesse:
818 1595 967 1664 spargunt
978 1603 1079 1664 oppor-

116 1676 196 1734 tunis
212 1671 358 1731 imbribus
371 1680 483 1746 terras,
500 1671 595 1731 maria
610 1671 686 1732 datu
698 1679 836 1744 movent,
852 1671 988 1733 siderum
1000 1687 1081 1733 cursu

116 1764 222 1817 notant
253 1762 405 1828 tempora,
434 1755 549 1816 hiemes
577 1764 771 1830 aestatesque
803 1756 1019 1818 interveniente
1047 1756 1080 1813 ic·

116 1840 202 1899 niore
217 1839 325 1914 spiritu
342 1839 486 1900 molliunt.
510 1856 645 1900 errorem
660 1838 823 1898 labentium
839 1840 1010 1902 animorum
1029 1840 1081 1915 pia·

82 1924 175 1999 goidi
197 1939 234 1983 ac
255 1923 377 1998 propitii
400 1924 508 1984 ierunt.
547 1924 700 1983 imitemur
720 1924 804 1982 ilios:
827 1923 953 1996 demus,
975 1918 1080 1984 etiamsi

116 2008 208 2067 muita
223 2007 252 2065 in
268 2006 387 2066 inritum
404 2007 474 2065 data
489 2015 567 2067 sunt.
598 2008 705 2066 demus
720 2005 916 2066 nihilominus
931 2007 1013 2081 aliis,
1039 2007 1082 2065 dc-

116 2108 183 2150 mus
205 2090 295 2165 ipsis,
323 2089 405 2163 apud
426 2106 505 2164 quos
526 2092 641 2150 iactura
668 2091 746 2149 iacta
771 2097 826 2150 est.
868 2089 1025 2150 Neminem
1051 2087 1084 2148 ad

116 2173 295 2233 excitandas
317 2173 428 2230 domos
448 2173 538 2232 ruina
558 2174 714 2242 deterruit,
738 2181 768 2232 et
788 2189 856 2233 cum
871 2181 1000 2249 penates
1015 2173 1084 2248 ignis

116 2253 303 2328 &sumpsib
331 2254 524 2314 fundamenta
545 2264 667 2330 tepente
685 2256 785 2316 adhuc
807 2271 878 2317 area
900 2258 1041 2332 ponimus
1060 2259 1085 2313 et

114 2338 208 2397 urbes
224 2337 349 2396 haustas
365 2337 490 2411 saepius
505 2339 603 2398 eidem
618 2342 686 2399 soio
703 2339 873 2400 credimus:
896 2341 975 2402 adeo
987 2342 1027 2401 ad
1038 2341 1084 2398 bo·

117 2437 171 2479 nas
198 2436 271 2496 spes
298 2420 437 2496 pertinax
463 2421 582 2482 animus
603 2430 659 2482 est.
695 2430 775 2482 terra
796 2423 936 2499 marique
960 2424 1086 2484 humana

116 2521 210 2580 opera
233 2513 404 2578 cessarent,
428 2505 486 2565 nisi
511 2509 588 2566 maie
609 2513 752 2581 temptata
772 2507 878 2566 iterum
893 2514 1042 2581 temptare
1058 2505 1086 2564 li·

114 2589 241 2648 buisset.

177 2671 294 2732 XXXll.
318 2672 456 2746 ingratus
469 2680 531 2732 ost:
554 2690 613 2733 non
625 2672 695 2731 mihi
709 2673 778 2732 iecit
789 2673 938 2748 iniuriam,
954 2675 1013 2733 sed
1024 2671 1085 2732 sibi.

114 2771 172 2828 ogo
187 2754 335 2814 beneficio
352 2770 418 2830 meo
435 2771 502 2815 oum
519 2757 622 2816 darem
637 2772 713 2816 usus
725 2772 801 2816 sum.
823 2771 880 2816 nec
892 2757 962 2816 ideo
976 2754 1086 2831 pigrius

115 2839 210 2909 dabo,
240 2838 295 2895 sed
317 2837 505 2912 diligentium
528 2841 610 2914 quod
627 2840 656 2898 in
674 2840 734 2898 hoc
750 2838 884 2914 perdidi,
907 2839 946 2899 ab
962 2840 1029 2900 aliis
1043 2854 1085 2899 re·

115 2919 234 2993 eiplam.
276 2918 338 2978 Sed
361 2920 430 2981 huic
451 2920 511 2997 ipsi
531 2922 714 2982 beneficium
736 2924 816 2983 dabo
839 2923 947 2984 iterum
968 2930 999 2983 et
1018 2930 1086 2982 tam-

115 3019 206 3076 quam
228 3003 327 3061 bonus
351 3005 486 3077 agricolo
505 3023 578 3066 cura
593 3007 736 3080 cultuque
752 3007 937 3066 sterilitatem
953 3008 1013 3069 soii
1027 3007 1086 3066 vin-

113 3100 189 3143 cam.
218 3085 297 3144 Perit
308 3085 379 3144 mihi
391 3088 588 3161 beneficium,
605 3090 662 3149 iste
675 3089 825 3149 omnibus.
853 3089 919 3151 Non
933 3087 1085 3165 estmagni

114 3169 204 3226 animi
224 3167 414 3236 beneficium,
427 3171 500 3231 dare
523 3180 553 3232 et
575 3173 719 3246 perdere:
741 3171 800 3231 hoc
815 3175 979 3249 estmagni
1001 3169 1087 3234 anim'.

114 3251 244 3323 perdere
259 3257 288 3309 et
303 3252 386 3310 dare,

503 3445 709 3456 *unu-uu-——n-
