2364 3840
229 601 573 733 minamur
604 600 914 697 elimino.

139 985 303 1090 Quamquam
316 1033 366 1068 non
375 1019 477 1068 videtur
487 1015 635 1071 tesneeae
653 1017 724 1068 ibris
743 1025 857 1067 accurate
873 1017 973 1067 deliniri
994 1032 1078 1082 posse,

60 1102 114 1150 quo
134 1090 241 1150 quisque
259 1095 373 1151 tempore
389 1088 545 1151 conscriptus
564 1088 611 1148 sit,
629 1087 778 1150 praesertim
803 1101 861 1135 cum
886 1087 917 1136 de
944 1087 996 1134 vita
1017 1101 1079 1148 quo-

62 1170 115 1218 que
132 1153 243 1204 Senecae
258 1164 317 1219 post
332 1156 448 1220 Lipsium
465 1170 540 1205 nemo
558 1154 704 1219 diligentius
721 1155 891 1217 quaesiverit,
908 1153 977 1203 nolui
996 1163 1079 1203 tamen

61 1240 76 1273 e
96 1225 270 1286 superioribus
286 1223 438 1275 editionibus
454 1225 529 1273 talem
552 1223 663 1286 aliquem
685 1223 807 1272 librorum
829 1223 943 1273 ordinem
961 1223 1078 1281 retinere,

61 1305 139 1354 quem
155 1307 170 1340 a
186 1300 328 1356 temporum
343 1293 431 1342 ordine
449 1292 583 1343 abhorrere
605 1293 668 1342 satis
684 1300 820 1350 constaret3
844 1305 922 1354 quare
942 1306 999 1340 cum
1015 1290 1079 1340 mihi

62 1361 96 1409 de
108 1357 155 1407 XII
167 1359 329 1424 Dialogorum
346 1359 417 1409 libris
434 1362 513 1410 otium
530 1361 667 1424 quaerendi
683 1360 785 1410 fecisset
803 1359 899 1409 codicis
909 1359 1078 1409 Mediolanen-

62 1428 99 1475 sis
120 1428 266 1486 auctoritas,
285 1429 368 1490 primo
388 1427 517 1477 volumine
532 1445 588 1478 cum
606 1431 639 1478 iis
666 1444 697 1479 ea
714 1427 825 1478 Senecae
848 1443 925 1493 opera
947 1423 1078 1492 conjunxi,

62 1510 172 1556 qnorum
187 1510 252 1557 quac
268 1504 326 1544 sunt
339 1504 421 1544 aetate
435 1506 576 1560 postrema,
601 1497 635 1547 ad
658 1497 764 1547 Neronis
784 1498 856 1546 initia
877 1498 1016 1561 pertinent;
1039 1511 1078 1544 se-

62 1571 175 1625 quuntur
186 1565 240 1626 J'am
257 1562 337 1613 altero
357 1563 406 1613 hoc
428 1564 557 1614 volumine
581 1565 756 1628 comprehensi
777 1565 808 1615 de
830 1565 963 1615 Beneficiis
986 1574 1010 1612 et
1028 1564 1078 1614 Na·

63 1630 185 1680 turalium
203 1632 382 1689 Quaestionum
407 1632 478 1690 libri,
502 1647 565 1694 quos
582 1641 606 1681 et
624 1641 682 1695 post
705 1633 749 1681 illa
767 1633 876 1696 scriptos
898 1648 954 1682 esse
977 1640 1078 1681 etanta

63 1697 186 1760 epistolas
205 1698 373 1747 demonstrari
390 1708 531 1762 potestant
553 1701 627 1748 certis
650 1709 693 1748 aut
715 1701 887 1765 probabilibus
911 1701 1077 1765 argumentis.

62 1763 224 1815 Emendandi
241 1780 300 1814 vero
316 1775 417 1814 secutus
436 1783 492 1815 sum
509 1768 632 1815 rationem
654 1769 776 1826 eandem,
799 1768 830 1817 de
846 1783 896 1831 qua
910 1769 992 1832 primo
1007 1767 1078 1818 volu-

62 1834 132 1882 mine
156 1834 278 1897 exposui,
301 1834 351 1882 nisi
373 1835 441 1895 quod
464 1834 520 1883 Nat.
545 1835 725 1892 Quaestionum
741 1835 799 1883 libri
818 1838 939 1886 maiorem
954 1851 1078 1885 nonnum-

63 1916 139 1964 quam
157 1902 289 1952 andaciam
306 1903 433 1964 requirere
451 1903 501 1952 visi
517 1909 589 1959 sunt3
608 1917 667 1950 nam
683 1904 730 1951 etsi
743 1904 769 1952 in
785 1904 816 1952 iis
829 1919 943 1969 quoque,
963 1907 1077 1966 quisunt

64 1971 96 2020 de
118 1970 267 2031 Beneficiis,
291 1972 451 2035 reperiuntur
478 1971 526 2020 loci
549 1968 646 2034 aliquot
667 1972 867 2035 corruptissimi,
891 1987 954 2034 quos
977 1981 1020 2022 aut
1040 1973 1078 2020 in-

61 2047 143 2088 tactos
160 2038 250 2102 reliqui
273 2047 316 2088 aut
340 2048 408 2090 recte
422 2041 478 2104 jam
494 2055 563 2090 ame
582 2040 670 2089 aliisve
685 2042 830 2090 emendatos
850 2056 906 2091 esse
925 2057 975 2091 non
993 2043 1076 2099 credo,

63 2107 170 2156 multum
194 2116 278 2158 tamen
301 2109 337 2158 ibi
359 2109 392 2158 ad
414 2108 590 2159 inveniendam
609 2124 695 2158 veram
718 2110 867 2174 scripturam
889 2109 986 2174 proluit
1003 2124 1076 2174 prae·

62 2176 234 2226 stantissimns
263 2178 319 2226 cod.
344 2176 515 2238 Nazarianus,
544 2178 603 2243 plus
624 2179 701 2227 etiam
723 2177 870 2242 profuturus
888 2179 944 2237 ille,
973 2179 996 2226 si
1019 2185 1077 2242 post

63 2241 196 2293 Gruterum
227 2246 308 2295 denuo
340 2246 449 2296 conferri
475 2248 607 2311 potuisset.
645 2245 695 2296 Sed
720 2246 777 2296 Nat.
803 2247 982 2306 Quaestionum
1007 2247 1076 2295 libris

62 2320 184 2373 quantum
199 2313 233 2362 ad
249 2314 415 2378 integritatem
433 2317 513 2375 desit,
530 2329 619 2380 parum
635 2316 799 2379 perspexisse
818 2316 928 2365 editores
945 2315 1074 2370 videntum

62 2393 120 2427 nam
144 2381 253 2443 primum
277 2384 386 2447 maJ'ores
409 2385 531 2446 quasdam
552 2393 637 2448 partes
661 2383 769 2447 periisse
790 2397 864 2432 nemo
884 2383 1074 2439 animadvertit;

62 2463 112 2512 ego
130 2448 233 2499 lacunae
248 2452 322 2516 signa
337 2454 410 2516 posui
426 2451 469 2503 lib.
487 2453 513 2512 1,
536 2451 567 2515 8,
589 2453 619 2511 5,
640 2453 686 2501 nbi
702 2465 806 2500 necesse
822 2459 860 2499 est
879 2452 1016 2500 exciderint
1034 2465 1073 2511 ca,

60 2531 127 2578 quae
143 2516 236 2568 Seneca
257 2520 290 2569 ad
320 2522 480 2582 quaestiones
507 2535 537 2570 eo
566 2521 623 2585 ipso
653 2520 708 2569 loco
728 2519 873 2584 propositas
896 2518 1073 2582 responderat;

61 2584 154 2636 delude
170 2603 192 2648 c,
214 2588 259 2648 15,
279 2586 296 2637 8
314 2591 357 2652 qui
374 2604 441 2639 nunc
455 2589 525 2639 locus
540 2604 644 2638 mancus
666 2596 718 2647 est,
745 2601 803 2636 eum
826 2600 929 2650 sperare
949 2585 1007 2634 licet
1028 2585 1074 2634 ali·

60 2654 162 2716 quaudo
183 2658 283 2706 restitui
300 2671 391 2722 posse,
412 2659 434 2707 si
452 2659 568 2707 iuventus
589 2657 667 2706 fuerit
690 2655 772 2706 codex
790 2654 882 2717 aliquis
899 2654 1012 2718 integer,
1037 2654 1072 2702 si·

59 2724 129 2771 milis
150 2723 319 2785 Berolinensi,
349 2741 423 2787 quem
443 2734 548 2775 testatur
571 2725 701 2775 Fickertus
724 2725 755 2773 ob
778 2724 873 2773 amissa
895 2721 935 2772 vel
958 2723 1008 2772 duo
1032 2721 1072 2771 vel

58 2792 107 2841 tria
126 2790 188 2842 folia
203 2808 253 2843 uon
270 2793 363 2844 habere
378 2803 459 2844 totum
474 2795 545 2843 illum
561 2795 643 2843 locum
661 2793 721 2843 inde
736 2808 751 2842 a
769 2808 791 2844 c.
809 2791 857 2850 11,
881 2790 912 2851 3,
938 2800 963 2841 et
981 2790 1072 2840 deinde

58 2859 100 2908 his
119 2861 202 2910 verbis
220 2862 344 2926 incipere:
364 2872 515 2924 quantum
533 2864 563 2912 iu
579 2877 725 2927 pravum.
746 2861 814 2925 qnod
830 2861 853 2910 si
869 2862 904 2910 ita
919 2868 973 2924 est,
992 2873 1071 2924 appa·

57 2935 96 2977 ret
113 2944 171 2978 eum
188 2931 300 2979 codicem
314 2930 390 2996 longe
407 2931 477 2981 aliud
494 2931 556 2994 quid
570 2930 690 2980 habuisse
707 2938 766 2981 ante
782 2944 858 2981 voces
877 2929 907 2978 in
923 2942 1070 2993 pravum,

57 3011 134 3058 quam
152 3012 217 3059 quae
232 3012 299 3047 nunc
318 2998 450 3064 leguntur;
474 2999 517 3049 illa
538 3008 620 3061 certe,
643 3016 709 3063 quae
724 3015 773 3066 ego
788 2999 860 3049 uncis
878 2997 984 3060 inclusi,
1009 2996 1071 3046 tole·
1095 2996 1103 3002 ”

56 3065 108 3114 rari
123 3065 192 3115 nullo
209 3065 285 3115 modo
301 3076 421 3131 possunt;
444 3070 570 3132 pertinent
590 3071 656 3117 enim
677 3071 711 3119 ad
727 3069 843 3133 specula,
868 3067 1007 3128 dequibus
1026 3065 1071 3115 Se-

55 3147 120 3181 neca
136 3135 171 3183 ibi
189 3134 301 3184 nondum
323 3137 389 3200 ugit3
414 3151 479 3199 quae
496 3137 560 3197 nisi,
581 3146 609 3185 ut
630 3137 692 3187 mihi
716 3138 830 3197 videtur,
853 3135 987 3186 subditicio
1001 3144 1069 3193 sunt,

55 3210 123 3250 certe
138 3203 219 3252 alieno
239 3203 294 3252 loco
309 3203 407 3254 intrusa
425 3220 481 3255 esse
497 3219 571 3255 nemo
594 3208 705 3272 negabit.
741 3208 875 3256 Praeterea
894 3205 1011 3253 lacunam
1032 3204 1070 3251 in-

32 3305 35 3310 .
54 3269 137 3318 dicavi
157 3269 200 3320 lib.
220 3271 262 3320 lV.
283 3274 455 3323 interciet
473 3273 497 3324 3.
513 3289 563 3336 quo
579 3273 634 3323 loco
650 3274 718 3325 haud
735 3289 817 3338 pauca
839 3272 997 3322 intercidisse
1017 3286 1069 3319 ma-

54 3337 175 3387 nisestum
192 3347 243 3398 est3
262 3355 321 3389 nam
335 3356 417 3405 neque
433 3341 464 3391 de
479 3341 536 3392 Nilo
554 3345 668 3405 quaestio
686 3351 769 3406 potest
785 3342 821 3392 ibi
836 3342 909 3390 linita
925 3341 1012 3398 videri,
1026 3353 1069 3386 ne-

53 3421 188 3469 quequae
212 3408 303 3460 deinde
324 3411 440 3474 sequitur
454 3410 485 3460 de
503 3411 562 3462 nire
581 3418 605 3460 et
627 3411 764 3477 grandine,
786 3411 886 3517 initiqm
907 3409 999 3471 habet,
1023 3406 1068 3455 sed
