2346 3832
259 90 311 149 nu
331 48 542 149 ennnrrcn's
564 89 635 147 cre.
649 89 714 146 vn.
737 96 841 150 r-ro.
981 87 1043 152 141

59 238 241 299 testudinem
254 244 284 298 et
298 239 546 298 foedissimorum
559 239 853 312 pigerrimorumque
867 237 1041 299 animalium

57 331 150 383 testas
168 323 341 396 ingentibus
357 322 464 395 pretiis
479 329 612 396 emptas,
639 322 668 379 in
686 321 797 396 quibus
812 322 864 380 illa
877 320 947 396 ipsa
962 337 1041 393 quae

55 407 155 481 placet
182 405 314 465 varietas
346 405 476 465 subditis
503 405 732 464 medicamentis
758 405 789 463 in
814 403 1040 464 similitudinem

55 492 118 549 veri
135 491 298 549 coloratur.
323 488 422 547 Video
444 488 512 547 istic
527 503 650 548 mensas
673 495 704 547 et
719 489 909 548 aestimatum
925 489 1041 562 lignum

57 572 211 633 senatorio
228 589 341 644 censu,
359 588 396 632 eo
412 571 594 645 pretiosius,
613 589 673 644 quo
687 573 762 631 illud
777 573 807 630 in
823 574 928 646 plures
939 572 1040 631 nodos

56 657 172 716 arboris
189 656 349 715 infelicitas
371 655 467 714 torsit.
504 655 602 714 Video
620 656 687 715 istic
703 656 894 733 crystallina,
912 659 1075 730 quorum3

56 740 196 800 accendit
211 738 358 812 fragilitas
375 739 520 812 pretium:
544 739 676 797 omnium
689 740 767 798 enim
782 756 881 799 rerum
897 739 1041 814 voluptas

57 824 138 897 apud
160 823 309 897 inperitos
337 823 407 896 ipso
440 838 500 895 quo
528 823 623 896 iugari
645 822 736 881 debet
756 824 891 896 periculo
922 824 1040 883 crescit.

56 907 156 967 Video
170 922 294 966 murrea
313 907 441 980 pocula:
457 922 562 979 parum
580 905 695 963 scilicet
712 907 832 965 luxuria
849 923 960 982 magno
976 909 1040 966 lue-

55 990 105 1061 rit,
128 990 187 1049 nisi
211 989 294 1064 quod
315 997 440 1049 vomant
461 988 626 1063 capacibus
646 990 773 1061 gemmis
789 990 866 1048 inter
884 1007 918 1049 se
931 994 1042 1066 propi-

55 1076 200 1133 naverint.
234 1072 333 1133 Video
350 1073 485 1132 ‘uniones
508 1089 568 1132 non
595 1073 732 1145 singulos
762 1073 890 1145 singulis
916 1074 1073 1135 auribus4

56 1165 251 1232 conparatos.
285 1155 343 1236 iam
372 1157 452 1215 enim
479 1156 662 1216 exercitatae
688 1171 779 1214 aures
803 1155 889 1214 oneri
912 1156 1038 1214 serendo

56 1250 140 1301 sunt:
162 1242 327 1313 iunguntur
340 1241 418 1298 inter
431 1255 465 1298 se
480 1248 509 1299 et
524 1240 650 1312 insuper
664 1238 714 1297 alii
728 1238 809 1297 binis
825 1254 1038 1313 superponun-

55 1333 110 1384 tur.
139 1341 201 1383 non
227 1323 301 1382 satis
322 1322 477 1382 muliebris
499 1322 618 1382 insania
635 1321 718 1382 viros
735 1323 958 1398 superiecerat,
980 1322 1039 1381 nisi

55 1408 124 1467 bina
145 1423 182 1466 ac
203 1413 289 1465 terna
311 1407 491 1481 patrimonia
510 1405 635 1466 auribus
657 1407 784 1481 singulis
807 1407 1037 1481 pependissent.

57 1492 153 1550 Video
170 1490 288 1550 sericas
307 1498 423 1560 vestem
443 1491 469 1549 si
483 1497 586 1548 vestes
602 1492 761 1550 vocandae
778 1499 863 1565 sunt,
878 1489 907 1549 in
926 1490 1037 1564 quibus
1052 1506 1069 1559 5

55 1575 125 1634 nibil
144 1583 206 1648 est,
224 1588 285 1647 quo
304 1574 428 1632 delendi
444 1580 496 1633 aut
510 1589 622 1647 corpus
639 1582 689 1634 aut
703 1575 836 1649 denique
850 1575 951 1650 pudor
964 1591 1037 1649 pos-

56 1659 105 1729 sit,
125 1658 237 1731 quibus
254 1657 382 1731 sumptis
398 1673 504 1731 parum
518 1658 633 1731 liquido
649 1658 761 1716 nudam
780 1675 815 1718 se
830 1674 977 1718 nonesse
992 1660 1036 1719 iu·

54 1742 139 1801 rabit.
174 1741 232 1799 hae
254 1741 367 1813 ingenti
388 1756 505 1799 summa
527 1741 564 1799 ab
585 1741 696 1814 ignotis
719 1741 868 1800 etiamad
890 1758 1035 1800 commer-

56 1824 133 1884 cium
145 1823 287 1898 gentibus
300 1832 505 1897 accersuntur,
520 1831 553 1883 ut
564 1831 719 1883 matronae
734 1831 907 1882 nostraene
920 1824 1035 1883 adulte-

55 1910 95 1968 ris
108 1907 233 1985 quidem
246 1908 316 1979 plus
329 1908 376 1966 sui
388 1908 417 1965 in
430 1907 569 1967 cubiculo
582 1924 671 1980 quam
686 1909 714 1965 in
728 1907 850 1980 publico
864 1906 1036 1966 ostendant.

115 1993 152 2050 X.
185 1991 263 2064 Quid
289 1990 355 2064 agis
382 1986 527 2050 avaritia?
555 1999 629 2064 quot
648 2007 748 2050 rerum
771 1990 896 2050 caritate
928 2005 1066 2055 auruml

56 2082 136 2134 tuum
153 2076 268 2133 victum
284 2080 352 2132 est?
374 2075 475 2134 omnia
489 2076 562 2147 uta,
585 2091 663 2148 quae
678 2074 782 2147 retuli,
807 2075 836 2132 in
852 2075 966 2134 maiore
981 2075 1035 2133 ho·

54 2175 129 2217 nore
151 2158 312 2233 pretioque
328 2166 412 2217 sunt:
434 2173 515 2217 nunc
529 2160 600 2218 volo
617 2166 685 2218 tuas
701 2176 777 2234 opes
800 2174 1034 2233 recognoscere,

55 2242 182 2302 laminas
198 2243 358 2315 utriusque
371 2243 530 2312 materiae,
553 2242 592 2300 ad
609 2258 685 2315 quas
701 2243 852 2317 cupiditas
867 2250 971 2302 nostra
987 2258 1037 2301 ca-

54 2327 134 2400 ligat.
169 2327 211 2383 At
231 2325 405 2406 mehercule
418 2333 513 2395 terra,
544 2341 623 2399 quae
641 2327 786 2401 quicquid
810 2326 883 2385 utile
904 2328 1067 2388 luturum2

54 2409 142 2469 nobis
166 2416 232 2467 erat
254 2408 392 2481 protulit,
413 2408 471 2467 ista
493 2408 609 2468 deludit
629 2416 659 2467 et
678 2410 782 2468 mersit
803 2416 832 2466 et
852 2405 1034 2466 utnoxiosis

54 2493 147 2552 rebus
171 2508 208 2550 ac
229 2494 308 2550 malo
330 2492 463 2566 gentium
484 2492 514 2549 in
537 2493 669 2551 medium
686 2491 852 2566 prodituris
872 2497 935 2549 toto
957 2506 1033 2563 pon-

55 2577 126 2635 dere
142 2575 290 2635 incubuit.
323 2576 423 2634 Video
439 2578 549 2635 ferrum
563 2592 601 2634 ex
616 2575 714 2634 isdem
729 2573 862 2648 tenebris
877 2589 948 2632 esse
963 2589 1033 2647 pro-

55 2661 162 2732 latum,
188 2658 300 2732 quibus
322 2675 428 2718 aurum
442 2667 471 2717 et
486 2667 659 2733 argentum,
679 2674 718 2717 ne
738 2664 790 2717 aut
804 2657 1034 2718 instrumentum

54 2745 83 2802 in
105 2743 220 2802 caedes
243 2750 363 2802 mutuas
386 2744 509 2801 deesset
529 2750 581 2801 aut
596 2742 736 2816 pretium.
765 2748 796 2800 et
811 2749 911 2802 tamen
933 2743 1034 2801 adhuc

54 2827 110 2886 ista
132 2827 268 2900 aliquam
289 2825 444 2885 materiam
463 2825 584 2884 habent.
608 2827 704 2885 estin
726 2843 786 2900 quo
805 2843 939 2886 errorem
962 2844 1033 2886 ocu-

55 2911 155 2971 lorum
173 2910 291 2969 animus
309 2910 459 2984 subsequi
473 2910 581 2984 possit.
612 2908 713 2970 Video
733 2909 802 2970 istic
825 2911 991 2984 diplomate
1006 2913 1063 2970 et3

56 2994 254 3073 syngraphas
270 3000 300 3052 et
321 2994 492 3066 cautiones,
512 3009 609 3052 vacua
624 2992 755 3052 habendi
770 2993 947 3068 simulacra,
968 3011 1032 3053 um-

54 3077 202 3151 crapula]
226 3077 371 3136 avaritiae
393 3077 543 3151 quaedam
563 3077 745 3151 laborantiS,
774 3093 829 3152 per
851 3095 930 3152 quae
951 3078 1032 3136 deci·

55 3161 117 3235 piat
145 3164 279 3220 animum
307 3161 439 3220 inanium
467 3161 611 3233 opinione
632 3162 823 3234 gaudentem.
858 3161 931 3234 quid
953 3159 1032 3218 enim

55 3244 111 3304 ista
133 3252 227 3306 sunt?
249 3245 324 3318 quid
346 3245 433 3322 lemts
456 3252 485 3302 et
508 3243 712 3302 calendarium
736 3252 883 3316 clusura,
905 3243 963 3301 nisi
977 3243 1030 3299 hu-

57 3323 162 3388 manae
179 3329 357 3403 cupiditatis
366 3335 461 3393 ,extra
476 3335 614 3386 naturam
635 3329 774 3402 quaesita
789 3325 932 3384 nominat
958 3323 1060 3380 Pas-4

56 3427 121 3472 sum
141 3413 181 3473 de
202 3428 305 3472 rerum
327 3419 435 3471 natura
457 3411 557 3486 queri,
578 3411 661 3486 quod
684 3425 789 3468 aurum
812 3412 1031 3479 argentumque
