2364 3840
290 176 432 239 nauca
447 180 609 253 actast.
631 182 703 240 tte.
716 183 767 240 vt.
788 190 886 246 5—7.
1015 182 1076 249 att

102 326 145 386 lut
165 341 221 400 per
241 327 348 387 rimam
368 333 488 390 sentina
507 333 703 407 subreperet,
731 333 787 393 sed
802 334 888 394 lieret
907 337 1014 410 ingens
1030 337 1073 399 ln-

101 409 240 484 undatio‚
257 419 290 471 ιιι
303 428 343 470 ex
357 412 475 475 infinito
489 417 609 490 liquore
624 425 655 475 et
669 418 786 476 serente
802 419 953 479 universa.

163 494 229 552 Vll.
259 494 417 568 Quidam
438 508 581 560 motum
601 509 792 559 terrarum
815 518 937 575 aquae
958 501 1103 578 iupa-l

99 584 296 652 taverunt,
312 582 379 640 sed
395 599 468 642 non
491 600 535 642 ex
557 584 688 643 eadem
711 599 839 644 causa.
862 585 1072 657 „Penomnem

100 669 223 735 terram,
236 664 391 738 inquiunt,
403 669 496 727 multa
506 684 654 742 aquarum
666 669 966 741 generadecurrunt=
981 671 1072 731 aliubi

99 748 239 822 perpetui
255 764 376 822 amnes,
392 768 522 826 quorum
537 751 719 825 navigabilis
734 753 823 811 etiam
839 754 905 812 sine
920 754 1071 813 adiutorio

98 830 237 890 imbrium
257 832 433 907 magnitudo
456 844 513 894 est.
546 835 617 894 hinc
629 835 715 896 Nilus
739 852 794 910 per
808 845 952 896 aestatem
967 839 1072 911 ingen-

98 921 143 974 tes
159 931 257 990 aquas
274 916 405 990 invehit,
421 919 507 989 hinc,
526 919 578 992 qui
593 919 711 979 medius
723 922 802 980 inter
813 929 923 995 pacata
934 933 963 981 et
977 921 1071 982 hosti-

97 998 137 1058 lia
156 998 236 1072 fluit,
257 1000 416 1060 Danubius
436 1017 472 1060 ac
487 1002 629 1074 Rhenus,
656 1004 731 1062 alter
749 1003 933 1065 Sarmaticos
948 1005 1070 1080 inpetus

97 1081 244 1143 cohibens
259 1093 289 1144 et
301 1085 456 1160 Europam
474 1087 644 1158 Asiamque
659 1086 888 1159 disterminans,
912 1090 987 1148 alter
999 1090 1071 1149 Ger-

96 1181 219 1239 manos,
241 1169 362 1227 avidam
377 1178 498 1243 gentem
514 1169 598 1240 belli,
620 1170 783 1242 repellens.
809 1171 908 1229 Adice
923 1189 1003 1231 nunc
1017 1186 1103 1247 pa-a

96 1250 285 1312 tentissimos
311 1254 397 1311 lacus
421 1260 452 1311 et
469 1259 577 1327 stagna
601 1251 723 1325 populis
746 1253 824 1310 inter
838 1268 872 1310 se
886 1253 999 1326 ignotis
1013 1257 1070 1313 cit·-

97 1335 238 1394 cumdata
258 1344 288 1394 et
308 1336 518 1395 ineluctabiles
542 1334 663 1408 navigio
687 1334 832 1408 paludes,
857 1351 896 1393 ne
912 1337 988 1410 ipsis
1004 1339 1069 1410 qni-

96 1416 164 1476 dem
178 1417 255 1478 inter
269 1436 303 1478 se
312 1421 449 1493 pervias,
463 1419 574 1493 quibus
586 1420 765 1478 incoluntur.
779 1417 891 1478 deinde
904 1426 947 1480 tot
959 1421 1067 1492 sontes,

96 1506 140 1561 tot
154 1502 253 1576 capita
269 1502 428 1562 fluminum
444 1503 562 1562 subitos
584 1510 615 1562 ct
631 1520 671 1562 ex
686 1504 806 1562 occulto
822 1518 928 1562 amnes
945 1519 1067 1562 vomen-

96 1582 146 1643 tia.
181 1592 226 1645 tot
245 1587 358 1646 deinde
381 1586 420 1645 ad
441 1594 562 1660 tempus
585 1588 730 1647 collectos
747 1586 923 1648 torrentium
937 1587 1067 1661 inpetus

96 1684 226 1742 quorum
240 1671 321 1729 vires
337 1687 429 1744 quam
444 1669 623 1745 repentinae
638 1677 697 1729 tam
712 1671 833 1729 breves.
859 1669 962 1730 (tinnis
976 1685 1068 1745 aqna
1083 1677 1100 1732 t

93 1767 160 1812 rum
181 1761 212 1811 et
234 1754 312 1813 intra
333 1761 443 1814 terram
465 1760 573 1813 natura
594 1755 752 1827 faciesque
772 1761 833 1813 cst:
864 1754 924 1814 illic
945 1768 1068 1830 ‹nicqnc

95 1837 172 1895 aliae
194 1844 282 1897 vasto
309 1854 402 1897 cursu
422 1839 598 1896 deteruntur
620 1844 650 1895 et
670 1838 698 1894 in
716 1850 866 1910 ptrncccps
882 1839 1004 1897 intutae
1018 1852 1067 1896 cn·

95 1919 179 1980 dunt.
202 1920 281 1980 aliae
300 1921 508 1996 languidiores
531 1919 562 1979 in
583 1919 672 1978 vadis
694 1918 896 1978 latitudinum·
913 1927 942 1977 ct
962 1918 1068 1977 lenitur

95 2018 129 2062 ac
146 2004 247 2078 quiete
262 2003 373 2065 linunt:
398 2005 466 2078 quis
481 2011 581 2062 autem
595 2009 685 2076 negot
701 2002 795 2061 vastis
812 2001 878 2061 illus
891 2009 1053 2075 tuceptttcu

92 2086 130 2145 lis
146 2087 269 2161 concipi
294 2094 324 2146 et
345 2103 470 2147 cessare
488 2086 588 2146 multis
609 2086 721 2145 inertes
744 2084 841 2144 locist
871 2099 929 2143 uon
954 2091 1001 2141 est
1016 2082 1067 2143 dlu

93 2171 285 2243 probandum
308 2171 350 2229 ibi
364 2172 473 2231 multas
489 2184 587 2244 aquas
602 2183 673 2228 esso
688 2166 739 2228 ubi
755 2170 890 2243 oripincs
903 2174 981 2229 suut.
1016 2180 1053 2225 no

94 2269 154 2327 que
169 2256 250 2313 enim
266 2255 422 2314 sufficeret
436 2256 524 2314 tellus
540 2253 580 2312 ad
595 2260 639 2313 tot
654 2250 777 2313 lluntinu
793 2251 927 2321 edenda,
952 2248 1009 2311 nist
1028 2264 1065 2309 cx

90 2337 231 2410 reposito
246 2339 403 2411 multoque
419 2338 565 2397 funderet.
598 2335 630 2396 Si
649 2336 707 2397 ltoc
729 2352 833 2395 vetunt
850 2344 910 2402 cst,
938 2345 1098 2399 necessat

92 2429 140 2480 est
163 2421 329 2496 aliqnando
349 2421 411 2479 illio
432 2418 528 2478 amnis
550 2427 669 2479 crescat
689 2427 719 2479 ct
733 2418 845 2477 nolletis
862 2417 936 2490 cipis
953 2416 1065 2475 ululen-

91 2511 141 2562 tus
163 2504 193 2562 in
214 2504 367 2564 obstantia
389 2508 542 2563 occurrat:
568 2503 613 2561 sic
635 2501 687 2561 llct
702 2508 802 2559 nictus
817 2497 945 2557 uliculus
962 2495 1065 2570 puntls,

91 2583 121 2645 in
138 2603 230 2660 quam
244 2587 358 2647 flumen
374 2587 508 2661 inpetum
523 2584 607 2644 dedit
620 2591 650 2642 ct
666 2597 769 2657 quain,
786 2580 884 2639 donec
897 2578 1064 2641 dccmecut,

91 2669 274 2730 verberabit.
309 2671 414 2729 Potest
435 2667 515 2737 lieri,
541 2676 575 2727 ut
595 2666 726 2739 aliquam
742 2662 895 2733 regionem
912 2659 995 2719 uivus
1012 2658 1064 2719 nd-

91 2750 191 2812 iluens
207 2755 319 2812 exedat
334 2769 370 2811 ac
385 2768 490 2812 secum
507 2749 604 2809 trahat
615 2747 746 2820 aliquant
761 2744 885 2811 molent,
904 2756 963 2817 qun
979 2742 1066 2817 lapsu

90 2837 288 2910 superposita
310 2836 492 2910 quatiuntur.
520 2834 581 2890 lam
605 2844 677 2888 vcro
700 2825 788 2887 nitnis
811 2824 907 2887 oculis
924 2824 1095 2900 permittito

89 2934 147 2978 nec
171 2920 264 2991 [illos]
288 2921 345 2978 scit
367 2919 539 2993 producere
561 2914 639 2973 ultra
654 2911 799 2980 animum,
827 2907 952 2983 quinon
969 2908 1065 2969 euadit

89 3003 120 3060 in
135 3001 342 3079 ab[scon]dlt0
359 3009 457 3060 terrae
473 2997 558 3057 sinus
574 2995 665 3053 inuris
681 2991 768 3051 vasti.
791 3007 848 3051 nec
869 2992 948 3053 onim
963 2993 1064 3065 video,

91 3087 164 3159 quid
177 3085 338 3159 prohibeat
348 3085 396 3142 vel
409 3084 517 3150 obstet,
532 3094 592 3153 quo
604 3077 702 3135 minus
714 3074 860 3135 lmbeutur
872 3076 900 3136 in
910 3077 1065 3151 ub[scou]-

89 3169 153 3228 dito
169 3171 259 3229 etiam
274 3167 399 3240 aliquod
420 3165 489 3224 litus
513 3169 543 3220 et
564 3175 619 3235 per
639 3159 776 3218 occultos
793 3159 893 3220 aditus
908 3166 1068 3235 receptum

88 3249 188 3325 mare,
213 3252 296 3326 quod
313 3250 373 3308 illic
397 3261 521 3324 quoqne
537 3241 723 3304 tantumdem
738 3242 797 3301 loci
815 3250 916 3302 teneat
938 3250 989 3303 out
1005 3245 1062 3303 lon-

87 3333 183 3394 lassis
207 3336 268 3394 hoc
291 3333 438 3406 amplius,
465 3344 526 3404 quo
548 3325 648 3401 superl
770 3341 798 3382 ‘n
821 3331 865 3383 tot
885 3324 944 3385 anit
987 3326 1065 3387 libus

52 3447 56 3452 -
88 3415 363 3477 erantdividenda.
379 3409 608 3472 abstrusaenirn
832 3422 931 3469 *soora
