2364 3840
295 192 346 251 DE
367 188 581 252 BENEFICHS
602 189 675 247 LlB.
687 189 725 248 V.
748 195 878 249 16—19.
1014 185 1073 248 101

91 327 344 406 beneficiumest.
377 338 951 408 Gratisimusadversusdeos,
975 339 1075 412 grati

93 431 289 491 adversus
321 427 514 497 homines,
546 422 648 497 grati
678 423 870 481 adversus
900 436 983 493 eos,
1011 422 1074 496 qui

92 512 247 587 aliquid
275 510 389 571 nobis
418 508 708 583 praestiterunt.
744 505 844 578 grati
873 503 988 564 etiarn
1009 504 1074 563 ad·

94 611 231 656 versus
253 609 335 665 ece,
361 591 425 666 qui
446 589 594 650 nostris
617 590 915 664 praestiterunt.

155 679 261 738 XVlll.
291 678 344 751 „lu
365 676 513 735 infinitum
536 673 617 746 eius,
643 673 755 745 inquit,
779 687 828 741 me
850 671 983 745 obligas,
1008 685 1106 740 cum1

92 763 172 822 dieis
196 769 232 820 et
252 760 410 821 uostris.
439 759 543 832 itaque
557 772 639 830 pone
655 754 788 831 aliquem
804 756 905 815 finem.
942 754 998 827 Qui
1014 754 1075 813 frlio

92 845 275 905 beneficium
291 845 357 918 dat,
378 841 517 912 utdieis,
537 848 566 900 et
576 838 656 914 patri
668 841 733 899 eius
745 841 806 900 dat.
841 839 972 898 Primum
985 838 1076 911 unde,

93 945 172 1003 quo,
197 943 323 1002 quaero.
356 926 467 986 deinde
488 924 562 983 illud
577 924 682 997 utique
697 924 769 982 mihi
787 922 980 983 determinari
996 921 1075 994 volo,

91 1012 120 1072 si
142 1019 172 1071 et
193 1011 268 1085 patri
290 1010 474 1069 beneficium
497 1009 598 1080 datur,
620 1007 768 1081 numquid
782 1015 812 1067 et
834 1012 962 1081 patruot
990 1021 1075 1064 num-

70 1094 171 1168 ·quid
185 1103 215 1154 et
230 1101 310 1153 avet
330 1092 477 1167 numquid
491 1092 580 1150 uxori
595 1097 625 1148 et
639 1097 772 1150 socero?
802 1092 857 1150 Dic
872 1090 945 1148 mihi
959 1089 1010 1149 ubi
1024 1090 1074 1148 de·
1088 1100 1104 1151 2

91 1178 183 1237 bearn
199 1178 355 1249 desinere,
372 1189 535 1251 quousque
548 1189 750 1248 personarum
762 1174 871 1233 seriem
886 1189 1008 1247 sequar.
1044 1170 1076 1230 Si

92 1275 201 1334 agrum
223 1268 305 1319 tuum
323 1261 462 1332 coluere,
487 1257 537 1317 tibi
557 1257 737 1317 beneficium
754 1258 879 1317 dedero.
908 1257 935 1315 si
953 1259 1076 1316 domurn

90 1352 176 1404 tuam
198 1344 352 1403 ardentem
367 1343 539 1404 restinxero
555 1350 607 1401 ant
621 1356 659 1399 ne
675 1342 817 1402 concidat
831 1356 1001 1415 excepere,
1022 1339 1076 1399 tibi

91 1427 277 1486 beneficium
293 1427 389 1487 dabo:
413 1425 440 1487 si
455 1441 578 1486 servum
590 1433 673 1485 tuum
686 1440 853 1496 sanavero,
872 1441 933 1484 non
946 1423 1074 1483 habebis

91 1509 276 1569 beneficium
292 1514 439 1570 meum‘t“

156 1592 234 1652 XIX.
257 1593 422 1652 Dissimilia
434 1594 523 1667 ponis
536 1595 691 1667 exempla,
708 1593 780 1667 quia
793 1593 845 1667 qui
858 1607 963 1665 agrum
975 1607 1075 1651 meum
1088 1608 1103 1660 1

93 1676 181 1750 colit,
204 1692 278 1750 agro
294 1677 476 1736 beneficium
491 1694 551 1735 non
570 1678 635 1749 dat,
658 1677 715 1735 sed
729 1676 811 1734 mihi.
841 1675 937 1750 etqui
953 1676 1076 1736 domurn
1104 1692 1106 1697 ·

92 1774 210 1832 meam,
235 1776 295 1834 quo
317 1759 417 1819 minus
439 1769 506 1820 ruat
526 1760 625 1830 fulcit,
649 1767 783 1832 praestat
802 1760 889 1818 milri:
912 1760 981 1833 ipsa
996 1759 1076 1819 enim

93 1842 205 1904 domus
221 1844 287 1903 sine
304 1859 399 1903 sensu
417 1851 472 1902 est.
500 1842 668 1902 debitorem
682 1857 730 1900 me
746 1842 851 1913 habet,
876 1844 1077 1916 quianullum

94 1925 197 1986 habet.
233 1933 262 1985 et
276 1927 328 2001 qui
344 1942 449 2000 agrum
464 1942 563 1985 rneum
579 1925 664 1998 colit,
686 1940 746 1983 non
762 1925 862 1996 illum,
886 1927 944 1984 sed
959 1942 1008 1985 nre
1024 1927 1075 1985 de-

93 2010 204 2069 mereri
220 2010 292 2070 vult.
328 2011 412 2069 ldem
428 2010 572 2069 deservo
588 2010 697 2076 dicam.
724 2007 783 2066 mei
799 2008 942 2083 mancipii
957 2019 1076 2083 resset,

91 2093 165 2153 milri
182 2099 336 2152 servatur:
361 2093 432 2153 ideo
446 2108 504 2167 ego
520 2109 575 2167 pro
591 2093 642 2151 illo
659 2091 768 2150 debeo.
795 2091 889 2151 Filius
904 2094 971 2166 ipse
984 2094 1105 2162 bene-a

92 2175 154 2235 licii
177 2191 277 2251 capax
298 2183 359 2236 cst:
387 2177 489 2250 itaque
510 2177 559 2235 ille
581 2175 706 2249 accipit,
729 2190 786 2249 ego
802 2176 953 2237 beneficio
970 2179 1082 2252 laetor,-

92 2267 123 2318 et
144 2261 320 2334 contingor,
343 2275 405 2319 non
426 2261 552 2335 obligor.
589 2261 688 2319 Velim
709 2267 824 2333 tamen,
847 2269 879 2321 tu
895 2260 947 2336 qui
963 2261 1076 2321 debere

93 2350 123 2401 te
137 2358 200 2404 non
216 2353 320 2418 putas,
344 2344 536 2418 respondeas
560 2344 646 2403 mihi:
669 2344 722 2404 lilii
743 2345 825 2403 bona
839 2346 988 2419 valitudo,
1011 2347 1075 2405 feli-

92 2424 184 2497 citas,
214 2427 424 2501 patrimonium
448 2429 577 2502 pertinet
597 2428 636 2486 ad
658 2435 796 2502 patrem?
825 2428 941 2488 felicior
956 2430 1075 2489 futurus

92 2517 155 2581 est,
187 2510 213 2569 si
238 2512 357 2570 salvum
382 2510 476 2570 lilium
497 2511 650 2585 habuerit,
678 2512 841 2581 infelicior,
872 2511 899 2569 si
920 2511 1076 2571 amiserit?

92 2591 172 2664 Quid
189 2599 284 2667 ergo?
307 2594 359 2668 qui
375 2601 404 2654 et
419 2595 535 2655 felicior
549 2596 583 2655 fit
597 2610 675 2654 arne
687 2602 717 2654 et
728 2594 911 2652 infelicitatis
924 2595 1075 2652 maximae

41 2699 44 2712 ·
91 2673 230 2749 periculo
247 2676 406 2748 liberatur,
428 2693 489 2738 non
501 2679 612 2753 accipit
625 2676 830 2736 beneficium?
850 2676 951 2750 „Non‚
968 2677 1102 2752 inquit.3

91 2759 245 2834 quaedam
266 2761 394 2819 enimin
418 2763 494 2822 alios
518 2763 729 2832 conferuntur,
759 2760 814 2819 sed
834 2761 874 2819 ad
895 2777 952 2820 nos
973 2777 1074 2836 usque

92 2851 282 2916 permanant.
319 2844 356 2902 ab
379 2860 416 2903 eo
438 2852 538 2905 autern
556 2844 636 2918 exigi
654 2843 789 2918 quidque
804 2843 909 2918 debet,
931 2846 960 2903 in
983 2861 1073 2920 quem

76 2922 263 3000 confertur,
286 2928 365 2987 sieut
387 2929 516 3002 pecunia
537 2929 575 2988 ab
598 2942 634 2986 eo
658 2924 776 3001 petitur,
801 2928 850 2988 eui
875 2929 990 2989 credita
1015 2935 1071 3000 est,

91 3010 234 3084 quamvis
246 3011 290 3069 ad
305 3025 352 3070 me
367 3012 418 3071 illa
433 3013 535 3087 aliquo
551 3010 642 3069 modo
660 3010 786 3070 venerit.
821 3011 942 3073 Nullum
959 3012 1071 3071 benefi-

90 3093 173 3153 cium
188 3101 250 3167 est,
266 3095 353 3154 cuius
370 3096 561 3156 commodum
579 3110 640 3152 non
653 3101 682 3153 et
696 3096 854 3169 proximos
870 3102 981 3170 tangat,
997 3112 1071 3155 non-

90 3193 258 3250 numquam
273 3180 362 3237 etiam
377 3179 500 3253 longius
517 3178 646 3252 positos.
674 3195 735 3239 non
752 3181 920 3253 quaeritur,
944 3198 1005 3254 quo
1021 3180 1101 3239 bel

89 3260 234 3320 nelicium
250 3261 288 3320 ab
303 3271 350 3335 eo,
367 3264 415 3321 cui
428 3263 531 3321 datum
543 3269 598 3334 est,
614 3264 823 3336 transferatur,
839 3265 895 3323 sed
910 3263 961 3321 ubi
975 3265 1070 3338 primo

90 3343 285 3405 conlocetur:
308 3361 393 3406 areo
409 3346 461 3405 tibi
473 3345 541 3419 ipso
555 3353 584 3403 et
596 3361 614 3402 a
625 3347 725 3419 capite
736 3347 876 3421 repetitio
888 3351 965 3406 est.“
993 3345 1071 3419 Quid

89 3435 187 3503 ergot
220 3444 275 3488 oro
297 3436 341 3504 te,
364 3445 425 3488 non
448 3429 539 3487 dicis:
562 3427 656 3487 filium
678 3426 749 3487 milti
771 3429 891 3488 donasti
912 3437 956 3501 ct,
979 3429 1005 3486 si
1020 3428 1070 3486 lric
