2364 3840
286 205 428 265 NATUR.
445 201 607 277 Qunusr.
629 203 701 264 LIB.
719 205 755 262 11.
777 210 874 265 6-9.
1005 201 1067 269 187

87 370 216 434 quoque
231 354 310 414 sicut
323 354 353 413 in
369 371 450 429 aqua
464 354 506 414 lit.
534 355 728 415 circumsistit
741 354 822 413 enim
837 369 926 414 omne
942 370 1066 430 corpus,

86 458 108 502 a
125 455 187 516 quo
202 438 372 513 inpellitur:
394 437 468 496 nihil
482 453 556 511 ergo
573 453 652 512 opus
668 438 726 497 erit
741 436 876 497 admixto
898 436 990 496 inani.

151 522 230 581 Vlli.
254 520 317 580 Sed
335 520 413 581 haee
434 520 519 580 alias.
549 535 620 580 esse
635 522 786 595 quaedam
800 520 829 579 in
845 535 944 579 rerum
960 529 1067 582 natura

88 604 282 666 vehementia
295 605 460 700 magnigue
475 603 597 678 inpetus
612 620 693 663 nunc
708 603 754 663 sic
775 604 995 677 colligendum
1022 605 1068 665 ni-

87 690 131 750 hil
144 688 204 748 nisi
218 686 384 748 intentione
399 687 609 747 vehementius
625 694 686 759 est,
708 693 769 747 tam
789 687 962 747 mehercule
975 702 1066 762 quam

88 772 163 832 nihil
184 770 299 832 intendi
314 771 353 829 ab
368 771 427 830 alio
442 769 567 846 poterit,
589 769 649 830 nisi
666 771 781 845 aliquid
796 786 852 845 per
866 777 964 830 semet
977 772 1068 831 luerit

87 855 247 916 intentum.
279 853 409 914 dicimus
430 854 509 912 enim
531 855 640 914 eodem
661 855 754 915 modo
775 872 836 916 non
863 870 958 929 posse
982 855 1073 930 quic·v

87 954 183 1015 quam
197 938 236 997 ab
252 938 310 998 alio
322 934 454 1009 moveri,
471 937 530 997 nisi
544 937 658 1012 aliquid
675 939 763 997 luerit
777 937 888 997 mobile
903 953 943 996 ex
961 944 1067 997 semet.

88 1022 164 1098 quid
185 1027 286 1081 autem
308 1027 370 1093 est,
394 1021 477 1095 quod
498 1020 595 1094 magis
611 1021 752 1080 credatur
766 1036 805 1079 ex
821 1037 855 1081 se
870 1022 939 1095 ipso
954 1022 1068 1081 habere

88 1104 288 1166 intentionem
310 1121 399 1179 quam
423 1103 572 1178 spiritust
596 1104 685 1162 Hune
707 1104 820 1162 intendi
844 1103 913 1178 quis
935 1104 1067 1178 negabit,

38 1183 50 1207 ⁸
87 1206 159 1250 cum
175 1188 284 1248 viderit
297 1188 402 1247 iactari
413 1195 524 1247 terram
536 1203 605 1248 cnm
616 1186 785 1259 montibus,
800 1193 879 1245 tecta
890 1202 1066 1262 murosque,

88 1287 217 1348 magnas
232 1287 301 1331 cum
317 1271 441 1346 populis
455 1271 565 1342 urbes,
581 1286 649 1329 eum
663 1269 735 1329 totis
750 1268 846 1328 maria
860 1269 1020 1329 litoribus?

152 1357 203 1415 lX.
233 1354 371 1414 Ostendit
398 1356 594 1413 intentionem
619 1353 745 1428 spiritus
772 1353 920 1413 velocitas
946 1353 1012 1412 eius
1039 1360 1098 1416 etl

87 1439 237 1517 diductio.
260 1437 345 1497 Oculi
358 1438 456 1498 statim
467 1453 523 1512 per
534 1439 627 1496 multa
638 1437 720 1496 milia
730 1437 826 1497 aciem
839 1452 926 1496 suam
938 1436 1066 1495 mittunt.

88 1539 152 1584 vox
166 1539 228 1583 una
242 1528 322 1582 totas
336 1521 429 1580 urbes
445 1522 533 1580 simul
549 1522 686 1595 percutit.
713 1523 827 1582 Lumen
843 1536 905 1580 non
923 1520 1067 1594 paulatim

87 1606 240 1684 prorepit,
256 1605 312 1664 sed
327 1607 421 1664 semel
437 1605 588 1663 universis
603 1605 695 1663 rebus
710 1603 887 1664 infunditur.
908 1607 999 1677 Aqua
1015 1613 1099 1666 aul

87 1698 150 1752 tem
165 1689 422 1764 quemadmodum
437 1689 503 1747 sine
518 1688 626 1761 spiritu
642 1696 749 1761 posset
762 1687 898 1748 intendit
921 1687 1068 1761 numquid

88 1773 230 1846 dubitas,
252 1773 324 1846 quin
346 1773 466 1847 sparsio
486 1771 551 1843 illa,
574 1785 653 1844 quae
674 1787 713 1829 ex
729 1771 933 1831 fundamentis
949 1769 1068 1829 mediae

88 1872 203 1916 arenae
217 1855 404 1915 crescensin
418 1871 568 1914 summum
580 1869 681 1928 usque
693 1852 904 1928 amphitheatri
919 1855 1067 1928 pervenit,
1082 1922 1086 1929 Ι

89 1955 161 2000 cum
175 1939 340 1999 intentione
356 1953 455 2013 aquae
469 1938 542 1996 fiatt
573 1936 656 2009 atqui
682 1952 739 1995 nec
764 1952 872 1994 manus
892 1950 950 1994 nec
972 1937 1066 1995 ullum

88 2023 173 2083 aliud
195 2028 374 2082 tormentum
397 2037 508 2094 aquam
531 2027 633 2094 potest
653 2021 770 2079 mittere
792 2025 845 2078 aut
866 2033 958 2092 agere
974 2033 1065 2092 quam

88 2107 227 2181 spiritus.
255 2104 325 2163 huie
340 2121 375 2164 se
390 2105 582 2175 commodat,
598 2104 657 2164 hoc
669 2103 822 2163 adtollitur
837 2103 952 2162 inserto
969 2107 999 2160 et
1013 2116 1065 2161 co-

88 2196 195 2265 gente,
217 2197 323 2249 contra
342 2196 479 2248 naturam
501 2204 588 2247 suam
602 2189 695 2247 multa
710 2193 837 2248 conatur
852 2193 882 2246 et
897 2184 1065 2257 adscendit,

89 2279 162 2355 nuta
188 2269 333 2331 defluere.
368 2271 468 2344 Quidr
493 2270 613 2345 navigia
641 2272 762 2330 sarcina
787 2271 937 2345 depressa
960 2281 1099 2345 pamma

89 2355 257 2417 ostendunt
276 2370 337 2413 non
354 2370 465 2428 aquam
480 2355 538 2414 sibi
552 2355 711 2425 resistere,
736 2370 797 2429 quo
813 2355 913 2413 minus
929 2368 1066 2427 mergan-

88 2448 155 2513 tur,
178 2439 234 2497 sed
255 2439 413 2512 spiritum?
440 2454 521 2511 aqua
543 2439 621 2497 enim
644 2438 767 2497 cederet
787 2452 845 2495 nec
867 2444 975 2510 posset
989 2452 1066 2510 pon-

88 2523 167 2583 dera
194 2523 362 2593 sustinere,
389 2520 449 2580 nisi
470 2519 539 2596 ipsa
560 2521 769 2581 sustineretur.
802 2519 914 2577 Discus
936 2533 975 2576 ex
996 2519 1066 2577 loeo

89 2605 254 2680 superiore
269 2604 299 2663 in
315 2604 466 2678 piscinam
482 2605 596 2665 missus
611 2621 672 2665 non
688 2601 862 2673 descendit,
882 2600 940 2658 sed
954 2599 1066 2659 resilit:

36 2721 38 2726 ,
89 2688 367 2764 quemadmodum,
388 2687 447 2747 nisi
468 2688 577 2762 spiritu
590 2688 773 2748 referientet
793 2685 865 2744 Vox
883 2688 983 2742 autem
1006 2690 1100 2756 quat

90 2772 210 2833 ratione
230 2787 286 2846 per
300 2771 449 2845 parietum
463 2772 647 2831 munimenta
661 2766 885 2839 transmittitur,
907 2765 965 2825 nisi
982 2765 1067 2840 quod

89 2855 193 2916 solido
211 2869 336 2929 quoque
350 2870 403 2913 aer
417 2856 510 2929 inest,
532 2855 584 2930 qui
605 2870 714 2914 sonum
732 2851 924 2910 extrinsecus
938 2849 1067 2910 missum

89 2946 123 2999 et
137 2938 249 3013 accipit
269 2945 299 2997 et
318 2938 459 2998 remittit?
487 2938 602 2998 scilieet
626 2935 732 3012 spiritu
755 2951 817 2994 non
832 2940 938 3008 aperta
951 2940 1067 2993 tantum

91 3021 271 3094 intendens,
294 3022 351 3082 sed
372 3023 459 3081 etiam
481 3022 583 3080 abdita
603 3028 633 3080 et
652 3021 786 3091 inclusa,
810 3019 893 3093 quod
908 3017 950 3077 illi
965 3020 1067 3077 iacere

62 3144 64 3147 .
91 3106 269 3179 expeditum
291 3110 352 3174 est,
375 3105 446 3178 quio
466 3119 618 3178 nusquam
639 3104 757 3162 divisus
775 3109 836 3175 est,
864 3101 920 3161 sed
939 3101 1068 3176 peritia

91 3187 178 3263 ipsa,
196 3186 306 3260 quibus
322 3187 458 3260 separari
473 3187 607 3258 videtur,
629 3186 689 3246 coit
703 3201 818 3245 seeum.
841 3185 1018 3258 interponas
1033 3183 1067 3241 li-

91 3278 142 3330 cet
166 3286 270 3330 muros
297 3275 327 3329 et
345 3270 476 3329 mediam
497 3270 683 3328 altitudinem
705 3269 866 3328 montium:
891 3263 1069 3342 peremnia

90 3355 152 3414 ista
168 3353 346 3427 prohibetur
362 3353 451 3412 nobis
466 3368 537 3411 esse
553 3351 695 3426 pervius,
712 3350 855 3410 nonsibi.
883 3350 914 3408 id
928 3350 1007 3408 enim
1023 3349 1068 3406 in-

92 3436 272 3498 tercluditur
285 3442 420 3510 tantum,
436 3451 493 3510 per
509 3437 593 3510 quod
608 3435 692 3495 illum
707 3450 765 3494 nos
781 3433 869 3507 sequi
885 3445 1067 3505 possumus:
