2364 3840
281 183 333 242 DE
353 182 567 243 Bnnnmcns
588 183 660 242 LIB.
672 185 724 243 VI.
746 192 879 249 tta—36.
1010 187 1071 251 129

153 337 275 399 XXXV.
304 338 384 397 Mate
405 338 444 396 de
464 345 494 397 tc
516 337 687 411 existimas,
717 336 744 396 si
765 339 877 398 inmitis
894 354 928 398 es
943 341 1002 399 nisi
1018 343 1101 409 ad-1

87 422 192 496 flictu,
219 421 246 481 si
266 419 358 480 rebus
380 420 469 480 bouis
491 436 703 496 supervacuus
724 437 768 482 cs.
808 421 1071 496 Quemadmodum

87 513 128 566 te·
143 513 174 565 ct
194 503 225 564 in
248 504 348 565 dubiis
365 510 394 563 et
414 503 445 563 in
461 505 600 564 adversis
615 504 688 563 etin
704 506 791 565 laetis
808 507 963 580 sapienter
978 509 1069 581 geris,

89 594 124 650 ut
138 589 233 648 dubia
246 588 413 664 prudenter
426 594 553 661 tractes,
574 590 707 648 adversa
721 590 852 661 sortiter,
873 591 953 650 taeta
964 591 1068 652 mode-

87 679 172 732 ratez
201 672 243 733 ita
263 673 293 730 in
315 672 416 731 omnia
433 672 535 731 utilem
551 679 581 732 te
596 672 692 732 amico
709 673 854 732 exhibere
869 681 968 748 potes.
1005 675 1069 734 Ad-

88 770 184 815 versa
199 755 266 815 eius
283 771 340 814 nec
355 755 529 814 deserueris
544 771 601 815 nec
617 758 787 830 optaveris:
810 759 904 817 muita
919 757 1069 818 nihilomi-

88 856 166 912 nus,
188 845 222 898 ut
236 855 298 898 non
314 846 418 913 optes,
439 839 469 896 in
484 846 566 898 tanta
580 841 738 914 varietate,
757 857 836 914 quac
847 841 900 901 tibi
913 843 1071 902 materiam

84 921 284 987 ‚exercendae
308 922 381 981 fidei
407 921 588 997 praebeam,
621 923 763 982 incident.
808 925 1102 998 Quemadmoduma

89 1007 145 1083 qui
166 1011 252 1081 optat
272 1005 393 1065 divitias
415 1005 505 1065 alicui
525 1007 553 1063 in
576 1007 650 1079 boc,
677 1013 710 1065 ut
729 1008 846 1066 illarum
867 1017 982 1082 partem
998 1010 1067 1085 ipse

89 1092 181 1162 terat,
208 1087 347 1163 quamvis
369 1105 425 1164 pro
448 1090 499 1148 illo
523 1089 661 1148 videatur
682 1095 803 1165 optare,
827 1091 884 1150 sibi
906 1094 1065 1168 prospicit,

89 1176 136 1235 sic
159 1173 212 1247 qui
234 1180 319 1247 optat
338 1172 435 1232 amico
457 1173 588 1247 aliquam
610 1174 837 1245 necessitatem,
869 1191 957 1247 quam
981 1178 1065 1236 adiu-

88 1257 169 1319 torio
185 1273 243 1318 suo
260 1257 384 1331 fideque
400 1256 556 1330 discutiat,
580 1257 663 1330 quod
677 1265 725 1317 cst
738 1257 860 1330 ingrati,
880 1274 913 1316 se
925 1258 966 1316 nn
978 1276 1066 1333 prae·

88 1342 149 1401 fert
163 1348 193 1400 et
212 1340 286 1400 tanti
302 1341 453 1400 existimat
467 1341 549 1399 illum
565 1342 708 1400 miserum
724 1356 810 1414 esse,
831 1348 865 1400 ut
879 1341 946 1416 ipse
961 1350 1065 1415 gratus

89 1425 142 1500 sit,
172 1425 212 1484 ob
234 1424 293 1484 hoc
314 1423 414 1499 ipsum
437 1425 582 1498 ingratus.
612 1440 780 1483 exonerare
802 1424 880 1483 enirn
905 1441 939 1484 se
961 1427 1024 1485 vult
1039 1433 1069 1486 et

89 1508 174 1582 gravi
208 1506 330 1567 sarcina
354 1508 493 1567 liberare.
539 1508 697 1567 Multum
729 1509 910 1582 interest,
943 1517 1099 1578 utrum3

88 1607 283 1667 properes
312 1592 461 1650 reterre
488 1592 664 1665 gratiam,
690 1599 730 1651 ut
749 1593 891 1652 reddas
914 1593 1065 1652 beneti-

88 1675 238 1747 ticium,
267 1690 311 1732 an
340 1691 386 1733 ne
415 1675 575 1734 debeas:
606 1676 657 1749 qui
677 1676 806 1734 reddere
830 1677 906 1751 vult,
929 1678 1008 1736 illius
1031 1693 1066 1737 se

89 1758 254 1819 commodo
269 1758 385 1832 aptabit
400 1767 429 1818 et
443 1757 585 1817 idoneum
599 1759 640 1817 itti
654 1759 757 1817 venire
770 1766 888 1834 tempus
902 1762 991 1820 votet.
1014 1763 1065 1836 qui

88 1841 163 1901 nihii
184 1841 268 1901 aliud
289 1858 379 1916 quarn
400 1841 468 1915 ipse
485 1841 605 1900 liberari
621 1844 697 1913 vult,
722 1843 1009 1918 quomodocumque
1026 1845 1065 1901 ad

88 1925 149 1984 hoc
162 1924 266 2000 cupiet
277 1926 446 1999 pervenire,
460 1925 543 1999 quod
555 1932 602 1983 est
613 1925 767 1998 pessimae
779 1924 951 1983 voluntatis.
973 1927 1066 1999 ·‚,Ista,
1080 1939 1098 1991 4

88 2008 203 2083 inquit,
227 2008 319 2069 nimia
333 2009 485 2069 festinatio
497 2012 580 2083 prob·
593 2015 669 2068 est.“
699 2009 732 2066 Id
746 2006 881 2081 apertius
894 2008 1066 2082 exprimere

88 2109 150 2153 non
167 2107 311 2167 possum,
334 2108 423 2167 quam
440 2093 465 2152 si
480 2093 651 2167 repetivero
668 2092 751 2166 quod
763 2089 841 2150 dixi:
864 2108 924 2151 non
937 2092 984 2152 vis
995 2093 1065 2151 red-

89 2177 164 2235 dere
186 2183 344 2250 acceptum
358 2176 555 2249 beneficium,
572 2177 627 2236 sed
644 2176 787 2249 effugere.
821 2175 888 2236 Hoc
903 2175 1005 2235 dicere
1021 2176 1064 2234 vi-

90 2259 189 2319 deris:
207 2261 352 2333 „quando
364 2260 421 2318 isto
433 2259 565 2318 carebat
588 2275 782 2334 quocumque
793 2260 885 2319 modo
898 2259 971 2319 mibi
980 2260 1063 2320 labo·

87 2343 219 2402 randum
231 2351 286 2417 est,
309 2358 348 2402 ne
358 2343 406 2402 isti
420 2342 570 2416 obligatus
586 2345 672 2403 sim.“
700 2343 737 2402 Si
753 2350 885 2417 optares,
901 2351 933 2403 ut
946 2344 988 2402 nn
1004 2346 1064 2403 sol·
1096 2341 1100 2350 '

87 2442 180 2486 veros
193 2425 233 2485 de
246 2443 317 2499 suo,
334 2428 458 2485 multum
471 2426 582 2485 abesse
594 2426 741 2486 videreris
754 2443 771 2484 a
783 2433 885 2499 grato:
906 2426 966 2486 hoo
981 2427 1065 2499 quod

87 2516 195 2584 optaS‚
219 2510 353 2584 iniquius
375 2516 432 2568 est.
461 2506 632 2569 exsecraris
651 2511 729 2569 enim
745 2511 826 2568 illum
843 2517 873 2568 et
888 2516 980 2581 caput
994 2525 1064 2567 san-

87 2601 171 2653 ctum
192 2591 247 2651 tibi
268 2592 334 2651 dira
354 2592 562 2668 inprecatione
581 2594 699 2667 defigis.
734 2593 843 2663 Nem0‚
866 2598 899 2650 ut
915 2590 1096 2665 existimat

86 2676 128 2735 de
149 2675 322 2735 inmanitate
344 2676 435 2735 animi
455 2675 498 2736 tui
520 2676 686 2750 dubitaret,
710 2676 737 2735 si
752 2681 856 2749 aperte
875 2674 916 2732 tm
933 2691 1063 2749 pauper-

87 2765 196 2830 tatem,
219 2759 245 2817 si
268 2759 484 2832 captivitatem,
507 2759 533 2818 si
549 2761 658 2818 famem
674 2776 709 2818 ac
724 2766 835 2818 metum
851 2759 1063 2831 inprecareris.

86 2849 119 2904 at
134 2839 210 2917 quid
224 2843 363 2916 interest,
378 2851 478 2903 utrum
490 2859 552 2903 vox
564 2843 623 2902 ista
635 2844 674 2902 sit
683 2843 745 2902 voti
757 2843 798 2902 tui
810 2859 847 2900 an
859 2842 927 2901 vis?
949 2843 1065 2918 aliquid

87 2926 170 2986 enirn
181 2925 289 2985 horum
303 2934 406 3000 optas!
428 2927 532 2986 Inunc
545 2934 574 2985 et
584 2926 645 2986 hoc
656 2942 727 2985 esse
739 2927 814 3001 grati
826 2933 914 3001 puta,
931 2930 1014 3002 quod
1026 2944 1064 2986 ne

86 3009 227 3082 ingratus
247 3009 368 3082 quidem
390 3011 517 3084 taceret,
540 3011 591 3084 qui
607 3011 698 3070 modo
716 3027 775 3069 non
791 3011 934 3085 usquein
951 3011 1063 3086 odium,

87 3092 145 3152 sed
162 3098 276 3152 tantum
293 3094 330 3151 ad
347 3093 554 3154 infitiationem
568 3093 707 3152 beneficii
725 3095 905 3168 perveniret.

151 3175 285 3235 XXXVI.
316 3176 388 3249 Quis
412 3177 493 3250 pium
515 3178 595 3236 dicct
615 3178 763 3252 Aeneam,
791 3180 816 3238 si
842 3177 971 3252 patriam
996 3180 1095 3254 capil

88 3258 235 3331 volucrit,
257 3267 290 3320 ut
308 3260 472 3334 captivitati
493 3268 610 3335 patrem
631 3260 759 3335 eripiat?
795 3261 867 3335 Quis
884 3261 1004 3321 Siculos
1020 3263 1063 3321 in-

85 3358 186 3402 venes
200 3348 233 3401 ut
248 3342 329 3403 bona
347 3343 450 3403 liberis
466 3346 608 3418 exempla
622 3344 816 3418 monstrabit,
841 3345 866 3402 si
882 3345 1062 3417 optaverim,

87 3434 122 3487 ut
141 3426 243 3488 Aetna
264 3426 432 3487 inmensam
454 3426 569 3503 ignium
587 3427 647 3487 vim
663 3445 757 3505 super
771 3427 891 3487 sotitum
907 3428 1020 3486 ardens
1036 3432 1066 3484 et

131 3528 234 3568 saraca
247 3529 317 3568 nnn.
333 3515 365 3569 ΙΙ.
884 3517 900 3569 9

78 3728 130 3829 ns
