2364 3840
283 205 332 263 DE
353 203 566 263 BENEFICIIS
587 203 658 262 LIB.
678 205 713 263 ll.
735 213 833 268 3-6.
1001 201 1043 270 ll

70 357 227 433 plerisque
242 350 342 415 autem
353 354 412 415 boe
426 353 527 414 vitium
540 360 588 413 εει
599 354 762 413 ambitione
775 370 870 428 prava
881 355 1042 417 differendi

70 440 239 516 promissa,
260 454 298 496 ne
317 439 415 497 minor
435 439 474 496 sit
493 437 663 510 rogantium
682 438 785 509 turba,
810 440 916 510 quales
937 440 1041 512 regiae

69 521 224 598 potentiae
239 520 366 580 ministri
382 529 467 594 sunt,
483 536 562 595 quos
578 521 708 579 delectat
722 521 874 595 potentiae
889 538 964 581 suae
976 524 1040 584 lon-

68 623 141 682 gum
161 607 370 680 spectaculum
391 605 554 678 minusque
576 619 610 662 se
630 601 764 662 iudicant
778 619 891 678 posse,
911 606 970 664 nisi
991 607 1042 666 diu

68 690 257 763 multumque
279 688 406 762 singulis
428 687 501 760 qnid
522 687 643 761 possint
663 686 859 747 ostenderint.
881 688 953 747 nihil
970 704 1041 750 con-

68 773 186 844 festim,
209 771 282 830 nihil
303 772 397 830 semel
417 771 539 830 iaciunt.
568 768 694 828 iniuriae
714 771 832 830 illorum
848 771 1041 847 praecipites,

66 859 149 915 lenta
171 854 320 914 beneficia
342 861 422 914 sunt.
458 853 558 926 Quare
578 854 769 914 verissimum
785 852 933 929 existima,
958 854 1073 930 quedl

67 940 118 999 ille
139 940 274 998 comicus
291 938 380 995 dixit:

276 1017 376 1091 uoto?
396 1027 426 1080 tu
446 1037 504 1080 non
524 1023 667 1094 intellegis

111 1110 223 1165 tontum
233 1107 352 1178 mattae
365 1112 392 1164 te
406 1106 531 1176 demere,
549 1099 690 1177 quantum
704 1119 805 1163 morae
816 1102 932 1165 adicis?

66 1187 144 1248 lnde
162 1189 230 1246 illae
244 1202 348 1261 voces,
366 1203 442 1260 quas
457 1188 608 1260 ingenuus
623 1186 712 1245 dolor
726 1186 881 1258 exprimit:
904 1190 1000 1262 ,‚Foc,
1010 1192 1042 1249 ‘ci

34 1294 38 1297 ·
64 1271 249 1347 ᾳιιῖᾱῖεειειι
271 1277 300 1330 ει
321 1273 469 1344 ,tmilcilec
457 1272 571 1330 trunti:
593 1273 670 1329 mulo
684 1271 828 1328 miletium
842 1276 958 1344 neqes“
980 1270 1039 1330 Ubi

65 1356 131 1414 int
120 1355 250 1415 taedium
270 1354 420 1413 adductus
443 1355 561 1414 animus
588 1351 694 1426 incipit
715 1351 896 1410 beneficium
924 1353 1038 1427 odisse,

64 1440 139 1497 dum
155 1444 324 1511 exspectat,
340 1443 440 1511 potest
454 1437 492 1496 ob
505 1437 533 1495 id
546 1444 651 1511 gratus
664 1441 756 1496 esset
777 1435 1038 1531 Quemadmodum
1052 1436 1070 1489 3

65 1519 265 1580 acerbissima
282 1521 445 1580 crudelitas
458 1526 514 1593 est,
531 1535 610 1594 quae
621 1509 734 1579 trahit'
721 1535 863 1592 poenam,
881 1526 911 1578 et
921 1535 1038 1579 miseri

65 1602 192 1663 cordiae
206 1619 305 1676 genus
321 1611 368 1662 est
383 1604 441 1662 cito
460 1604 609 1674 occidere,
627 1603 696 1677 quia
709 1610 890 1662 tormentum
902 1605 1039 1663 ultimum

65 1688 159 1746 finem
176 1686 223 1744 sni
239 1700 344 1743 secum
361 1685 458 1744 adit
402 1687 458 1744 lter
465 1732 472 1758 ,
496 1687 578 1758 quod
594 1694 646 1745 ant
635 1676 745 1745 tecedit
764 1693 884 1760 tempus
906 1687 1039 1745 maxima

67 1766 189 1826 uenturi
213 1767 354 1839 supplicii
370 1782 442 1838 pars
463 1776 524 1826 est:
548 1770 589 1827 ita
609 1769 705 1827 maior
719 1775 766 1827 est
786 1770 920 1828 muneris
942 1768 1038 1844 gratia

66 1867 130 1925 quo
149 1849 248 1907 minus
264 1847 316 1907 diu
332 1849 485 1921 pependit.
514 1856 562 1909 est
576 1851 656 1908 enim
671 1851 759 1909 etiam
774 1851 921 1909 bonarum
936 1869 1037 1911 rerum

66 1932 205 1992 sollicitis
222 1931 427 2005 exspectatio,
444 1939 555 1990 etcum
572 1932 700 2005 plurima
711 1932 860 1990 beneficia
871 1935 1038 1993 remedium

65 2014 194 2076 alicuius
220 2013 264 2073 rei
294 2015 448 2086 adierant,
477 2015 529 2089 qui
554 2021 606 2074 aut
631 2014 742 2074 diutius
769 2017 902 2088 torqueri
928 2017 1040 2090 patitur

65 2114 158 2175 quem
173 2097 313 2173 protinus
329 2105 432 2173 potest
446 2096 592 2169 liberare,
616 2105 667 2158 aut
683 2097 798 2157 tardius
813 2100 963 2172 gaudere,
985 2099 1038 2158 be-

64 2178 177 2242 n'eficio
193 2197 250 2240 suo
266 2198 374 2241 manus
390 2181 497 2240 adfert.
535 2181 638 2241 Omnis
655 2180 825 2255 benignitas
843 2191 989 2257 properat
1009 2183 1069 2241 ete

64 2267 221 2341 proprium
243 2272 290 2323 est
305 2266 433 2325 libenter
449 2265 586 2324 facientis
608 2264 666 2324 cito
688 2267 799 2324 lacere.
829 2266 880 2338 qui
901 2266 987 2324 tarde
1008 2273 1038 2325 ει

67 2349 149 2407 diem
171 2348 209 2405 de
231 2348 280 2406 die
301 2347 462 2407 extrahens
485 2348 611 2421 proluit,
635 2365 695 2408 non
718 2364 759 2406 ex
773 2347 872 2407 animo
890 2349 973 2408 lecit:
996 2350 1038 2407 ita

64 2432 145 2489 duas
170 2446 220 2488 res
245 2431 391 2489 maximas
413 2431 560 2506 perdidit,
582 2439 612 2491 ει
631 2439 753 2505 tempus
777 2438 807 2489 et
826 2439 1036 2504 argumentum

65 2514 182 2572 amicae
196 2515 370 2572 voluntatis.
403 2515 490 2573 tarde
504 2517 583 2573 velle
599 2515 731 2576 nolentis
746 2521 802 2572 est.

129 2597 180 2654 Vl.
203 2596 237 2654 In
260 2597 340 2656 omni
362 2595 499 2671 negotiu,
520 2598 682 2670 Liberalis,
704 2612 765 2655 non
788 2594 910 2654 minima
938 2595 1066 2667 portiol

65 2686 121 2750 est,
139 2680 294 2753 quomodo
312 2681 446 2753 quidque
462 2686 513 2739 aut
528 2681 644 2740 dicatur
659 2687 709 2738 aut
728 2679 790 2736 fiat.
816 2678 942 2737 multum
957 2680 1035 2737 cele-

64 2764 138 2821 ritas
160 2762 245 2835 lccit,
267 2764 391 2822 multum
412 2761 535 2822 abstulit
553 2780 647 2823 mora.
688 2762 767 2821 sicut
786 2760 814 2819 in
839 2761 906 2820 telis
928 2763 1035 2820 eadem

64 2846 135 2904 terri
155 2844 204 2903 vis
230 2853 291 2916 est,
312 2846 368 2904 sed
391 2845 539 2905 inlinitum
562 2847 701 2915 interest,
724 2852 821 2904 utrum
843 2860 977 2905 excusso
993 2848 1035 2904 la-

10 2936 146 2988 certo
161 2934 360 3002 torqueantur
373 2944 410 2987 an
423 2930 552 2988 remissa
564 2945 655 2988 manu
666 2890 799 2987 efficiant.
823 2928 942 3000 gladius
954 2930 1034 2986 idem

10 3019 32 3060 t
63 3012 182 3085 stringit
171 3013 402 3071 ttransloratet
426 3028 515 3086 quam
527 3027 637 3086 presso
651 3011 775 3071 articulo
791 3012 915 3084 venerit,
926 3013 1033 3070 refert

10 3103 22 3147 ἓ
64 3093 129 3174 [ita]
118 3095 301 3166 ]idemt
255 3102 301 3153 est
320 3095 521 3169 quoddatm,
545 3097 600 3154 sed
622 3096 747 3155 interest
735 3094 916 3170 tqnomodo
937 3097 1032 3153 detur.

10 3186 25 3230 ι
63 3177 158 3250 Quam
175 3178 278 3248 dulce,
303 3194 393 3251 quam
410 3179 575 3252 pretiosum
591 3186 651 3252 est,
676 3180 701 3238 si
716 3178 828 3252 gratias
841 3177 898 3236 sibi
911 3178 959 3250 agi
971 3195 1032 3236 non
1048 3191 1065 3240 2

61 3267 110 3320 cst
132 3276 245 3334 passus
262 3261 313 3334 qui
334 3261 430 3334 dedit,
455 3262 480 3320 si
499 3262 637 3335 dedisse,
661 3263 731 3320 dum
750 3262 815 3334 dat,
839 3261 950 3319 oblitus
971 3268 1031 3319 est!

10 3350 23 3396 t
61 3361 132 3403 nam
145 3344 300 3418 corripere
314 3345 442 3403 eumeni
456 3360 532 3417 eum,
546 3346 676 3404 maxime
687 3345 801 3418 aliquid
816 3352 964 3418 praestes,
981 3344 1032 3400 de-

10 3420 18 3481 l
61 3427 176 3486 mentia
187 3434 235 3486 εει
257 3434 287 3485 et
307 3429 443 3486 inserere
465 3431 674 3489 contumeliam
688 3427 812 3486 meritis.
843 3427 1034 3500 itaquenou

106 3528 209 3567 sunnon
227 3529 297 3567 narn.
319 3515 350 3569 ll.
865 3517 882 3566 2
