2364 3840
166 200 207 264 74
433 202 467 265 L.
488 203 634 261 ANNAEI
659 202 835 263 SENECAE

164 354 369 430 pulcherrima
384 370 527 429 quaeque
549 355 649 413 maltis
672 362 701 413 ct
716 351 897 413 adventiciis
913 352 1071 418 comitata
1084 364 1142 420 sunl

164 440 301 510 dotibus,
319 440 376 499 sed
392 439 459 497 illas
475 437 610 509 trahunt,
627 439 695 512 ipsa
712 436 909 511 praecedunt.

135 531 149 582 1
224 524 329 585 xxlll.
365 523 440 581 Num
464 522 586 580 dubium
614 529 662 580 est
684 523 756 596 quin
783 521 845 579 hoc
870 520 1003 583 humani
1030 525 1141 599 generis

162 607 348 668 domicilium
365 606 507 664 circuitus
523 605 597 663 solis
614 621 649 664 ac
665 607 754 664 lunue
764 603 882 664 vicibus
896 604 966 665 suis
980 612 1141 683 temperell

163 692 234 766 quin
257 690 381 749 alterius
404 689 506 747 calore
530 691 648 748 alantur
671 704 812 763 corpora,
836 695 938 747 terrae
959 690 1140 765 relaxentur,

161 773 304 834 inmodici
321 772 464 830 humores
481 775 722 846 conprimuntur,
740 771 901 846 adligantis
918 776 1032 835 omnia
1047 775 1139 837 lriemil

160 858 280 917 tristitia
303 857 473 928 hungarum
496 857 619 916 ulterius
641 864 747 931 tepore
768 856 887 915 efficaci
910 863 944 917 el
967 858 1140 932 penetruhii

160 948 284 1014 regatur
299 940 453 999 maturitas
468 941 608 1013 frugum?
624 940 696 1014 quin
708 941 746 999 ad
761 940 851 999 huius
866 955 1000 1001 cursum
1016 943 1139 1003 fecundi

161 1031 209 1084 tas
233 1022 366 1083 humana
386 1025 594 1098 respondeat?
616 1024 689 1098 quin
709 1025 759 1083 ille
780 1039 892 1083 annum
918 1024 1137 1089 observabilem
1167 1098 1170 1103 Ι

162 1109 268 1166 lecerit
279 1109 461 1168 circumactu
475 1124 546 1178 suo,
561 1107 638 1166 haec
653 1122 787 1166 mensem
802 1107 974 1169 minoribus
991 1126 1033 1170 se
1048 1110 1137 1187 spelit
1167 1108 1170 1113 '

130 1191 314 1251 2fleclensl
349 1193 388 1252 Ut
404 1198 503 1251 tumen
519 1191 662 1250 detrahas
677 1191 750 1262 ista,
773 1207 834 1251 non
850 1198 917 1250 crat
932 1191 1009 1268 ipse
1026 1196 1077 1255 sol
1090 1195 1137 1255 ide

162 1291 251 1335 neum
274 1276 370 1336 oculis
394 1275 604 1350 spectaculum
625 1275 798 1350 dignusque
819 1275 961 1349 adorari,
987 1278 1137 1339 silanion

163 1360 361 1435 praeteriret?
384 1376 445 1418 non
462 1364 528 1417 erat
542 1357 634 1432 digna
651 1366 797 1433 suspectu
813 1360 899 1429 luna,
927 1360 1060 1422 etiamsi
1079 1362 1136 1423 olle

163 1461 230 1503 sum
259 1444 345 1502 sidus
371 1449 611 1502 transcurreret?
644 1443 716 1515 ipsc
739 1442 887 1515 mundus,
918 1445 1074 1516 quotiens
1097 1458 1137 1520 pe

162 1534 284 1586 noctem
307 1527 392 1597 ignes
409 1542 485 1584 suos
501 1524 578 1583 ludit
593 1534 622 1584 et
637 1533 750 1584 tuntum
767 1527 923 1585 stellarum
939 1527 1135 1590 innumeruhi

162 1612 233 1669 lium
255 1609 387 1679 relulsit,
414 1625 504 1682 quem
523 1625 582 1667 non
606 1608 751 1668 intentum
773 1611 802 1667 in
825 1625 860 1668 se
874 1616 984 1672 tenet?
1009 1613 1082 1688 quis
1095 1608 1136 1672 sili

129 1707 148 1760 3
162 1694 212 1750 illa
225 1700 296 1750 tunc
312 1707 379 1750 cum
392 1693 516 1751 miratur
528 1692 679 1766 prodesse
692 1693 824 1766 cogitat?
838 1693 984 1767 Adspice
997 1697 1061 1758 ista
1070 1702 1135 1757 lauh

163 1790 298 1849 superne
310 1783 400 1835 coetu
416 1776 561 1847 labentia,
578 1777 834 1850 quemadmodum
849 1776 1054 1841 velocitatem
1065 1792 1136 1839 suun

162 1860 219 1919 sub
236 1860 341 1933 specie
356 1859 463 1920 stantis
479 1868 570 1934 atque
585 1860 689 1918 inmoti
705 1859 807 1934 operis
822 1860 1035 1923 abscondant.
1053 1864 1136 1937 Qun

162 1951 224 2003 lum
246 1943 304 2002 ista
325 1952 429 2018 nocte,
455 1960 545 2017 quam
567 1951 600 2003 lu
625 1943 653 2000 in
677 1959 831 2002 numerum
848 1958 884 2001 ac
899 1943 1077 2006 discrimen
1090 1944 1137 2007 dit·

162 2045 228 2088 rum
250 2027 414 2099 observas,
437 2026 555 2101 agilum
587 2034 699 2100 quanta
718 2042 818 2085 rerum
840 2026 930 2085 turba
953 2030 1018 2090 sub
1033 2030 1097 2091 hoc
1110 2026 1137 2089 si

163 2112 255 2169 lentio
278 2112 448 2170 evolvitur?
482 2116 625 2184 quantam
650 2110 778 2169 latorum
800 2110 911 2168 seriem
932 2120 1045 2174 certus
1068 2115 1138 2175 limet

131 2194 288 2256 deducit?
315 2192 376 2251 Ista
392 2208 471 2267 quae
492 2201 524 2252 tu
541 2209 601 2250 non
618 2193 704 2251 aliter
719 2209 809 2266 quam
825 2192 854 2251 in
872 2192 1026 2255 decorem
1042 2210 1138 2274 sparsa

165 2276 359 2346 consideras,
387 2276 506 2350 singula
532 2277 561 2334 in
583 2293 677 2350 opere
698 2283 777 2336 sunt.
809 2291 866 2334 nec
887 2277 971 2337 enim
995 2276 1137 2357 estquod

164 2357 321 2417 existimes
343 2365 460 2433 septem
481 2361 548 2420 sola
568 2361 754 2432 discurrere,
779 2367 880 2418 cetera
900 2358 1055 2424 haerere:
1079 2378 1138 2440 pau

165 2457 269 2501 corum
291 2451 391 2503 motus
413 2444 704 2517 conprehendimus,
726 2442 968 2503 innumerabiles
990 2462 1075 2509 vero
1088 2448 1137 2507 lou

164 2527 328 2601 giusquca
346 2535 514 2601 conspectu
530 2533 658 2599 [nostro]
675 2527 792 2586 seducti
809 2526 841 2584 di
854 2534 927 2586 cunt
939 2529 1137 2607 redeuntque

164 2618 194 2668 el
208 2626 247 2669 cx
261 2610 324 2683 his,
342 2612 392 2685 qui
409 2613 514 2671 oculos
529 2618 652 2670 nostros
669 2610 834 2685 patiuntur,
851 2610 997 2685 plerique
1014 2616 1137 2677 obscuri

163 2695 260 2766 gradu
276 2705 406 2768 pergunt
419 2702 449 2754 et
464 2712 517 2769 per
533 2695 683 2754 occultum
698 2701 837 2768 aguntur.
876 2722 880 2727 ·

133 2792 148 2842 1
226 2775 332 2839 XXIV.
363 2779 440 2851 Quid
465 2785 561 2851 ergo?
588 2794 649 2837 non
672 2778 792 2850 caperis
807 2783 908 2835 tantae
922 2780 1020 2839 molis
1037 2784 1137 2857 adspe

165 2867 229 2933 ctu,
253 2861 370 2921 etiamsi
390 2869 421 2919 te
435 2878 496 2919 non
511 2867 607 2935 tegat,
629 2878 689 2921 non
706 2860 872 2933 custodiat,
893 2876 957 2919 non
975 2864 1137 2940 loveatgc

164 2952 311 3018 necetque
326 2959 361 3002 uc
376 2944 483 3017 spiritu
499 2960 555 3003 suc
573 2945 673 3018 rigetr
702 2943 966 3017 Quemadmodum
981 2945 1069 3009 haec
1084 2962 1137 3010 cun
1171 3000 1174 3005 .

165 3030 294 3102 primum
311 3042 398 3086 usum
413 3027 543 3087 habeant
554 3034 584 3086 et
598 3026 774 3087 necessaria
785 3025 952 3102 vitaliaque
964 3030 1042 3106 sint,
1059 3031 1137 3093 maie

165 3120 229 3170 stas
244 3118 344 3169 tamen
362 3124 466 3167 eorum
484 3116 576 3168 totam
591 3118 720 3169 mentem
740 3116 886 3183 occupat:
909 3110 952 3169 ila
972 3116 1082 3177 omnis
1101 3116 1137 3175 illi

167 3196 261 3252 virtus
278 3199 308 3251 ct
321 3192 349 3249 in
367 3192 471 3264 primis
494 3195 568 3266 grati
592 3195 683 3253 animi
707 3193 832 3251 multum
848 3194 976 3266 quidem
999 3202 1136 3273 prueslll

165 3277 221 3334 sed
243 3292 304 3334 non
319 3277 383 3334 vult
399 3275 437 3336 ob
453 3275 512 3334 hoc
528 3277 620 3350 diligi.
648 3277 777 3351 amplius
795 3276 940 3348 quiddam
956 3278 989 3339 iu
1006 3298 1046 3343 se
1060 3283 1137 3343 habal

165 3374 222 3417 nec
239 3359 313 3417 satis
329 3359 366 3418 ab
383 3375 419 3419 eo
435 3359 629 3434 intellegitur,
653 3376 671 3418 a
687 3376 747 3434 quo
764 3359 841 3417 inter
856 3359 941 3420 utilia
957 3374 1135 3428 numeratur.

134 3453 152 3504 2
167 3443 276 3503 Gratus
292 3453 347 3519 est,
365 3442 436 3520 quia
451 3443 594 3518 expedit?
611 3459 683 3517 ergo
701 3452 731 3502 et
746 3451 890 3518 quantum
905 3448 1062 3521 expediti
1087 3462 1134 3513 nor
