2364 3840
267 211 407 272 NATUR.
422 210 585 285 QUAEST.
607 211 679 270 LlB.
694 212 728 269 ll.
751 220 884 275 27-31.
1006 211 1066 276 197

86 362 185 436 enim,
207 370 321 437 quanto
338 363 492 422 vocaliora
503 361 564 420 sint
575 377 674 421 vacua
687 378 777 436 quam
789 364 894 436 plena,
911 372 941 423 et
952 373 1066 439 quanto

87 449 205 508 intenta
221 462 312 522 quum
333 444 472 505 remissa.
499 446 569 505 item
584 453 733 522 tympana
747 453 777 505 et
792 447 933 523 cymbala
947 457 1066 519 sonant,

90 533 163 608 quia
178 532 230 590 illa
243 535 464 604 repugnantem
479 545 518 587 ex
529 530 674 589 ulteriore
688 538 773 603 parte
786 530 923 604 spiritum
936 532 1067 605 pulsant,

88 614 167 675 haec
182 621 212 674 et
226 615 297 689 ipsa
310 628 380 672 aere
394 630 458 673 non
473 613 533 672 nisi
548 629 624 674 cavo
641 615 779 673 tinniunt.

151 698 243 758 XXX.
272 696 416 771 Quidam,
444 697 522 756 inter
545 714 624 772 quos
645 699 885 772 Asclepiodotus
906 707 967 770 est,
993 699 1095 760 iudi-t

90 790 161 842 cant
175 782 221 842 sic
233 781 433 856 quorumdam
447 796 571 856 quoque
584 797 747 856 corporum
760 798 914 843 concursu
926 783 1068 843 tonitrum

90 875 120 926 et
147 865 272 926 fulmina
296 863 397 925 excuti
422 880 527 939 posse.
565 867 665 925 Aetna
690 866 856 939 aliquando
880 868 973 928 multo
1000 868 1069 942 igne

89 949 270 1021 abundavit,
295 949 446 1022 ingentem
467 947 529 1007 vim
550 964 660 1007 arenae
674 949 791 1010 urentis
807 950 923 1011 effudit.
949 952 1069 1011 involu-

89 1041 139 1094 tus
162 1040 210 1093 est
230 1032 296 1091 dies
315 1034 442 1106 pulvere
456 1034 655 1106 populosque
670 1032 770 1093 subita
785 1051 848 1094 nox
863 1035 978 1096 terruit.
1014 1037 1067 1096 lllo

89 1124 230 1191 tempore
252 1117 335 1175 aiunt
359 1124 431 1175 tunc
456 1116 586 1189 plurima
611 1116 708 1174 fuisse
732 1118 864 1176 tonitrua
885 1127 916 1178 et
933 1120 1067 1191 fulmina,

91 1216 172 1277 quae
194 1215 347 1260 concursu
369 1199 522 1259 aridorum
545 1215 706 1274 corporum
729 1201 808 1258 facta
828 1209 913 1274 sunt,
932 1219 995 1262 non
1014 1221 1069 1262 nu-

89 1285 190 1357 bium,
217 1299 295 1358 quas
316 1281 480 1344 verisimile
499 1285 594 1343 estin
616 1290 699 1342 tanto
721 1285 842 1342 fervore
862 1286 942 1342 acris
969 1286 1068 1344 nullas

89 1369 198 1430 fuisse.
239 1367 415 1440 Aliquando
438 1366 606 1444 Cambyses
627 1366 667 1424 ad
687 1369 868 1426 Ammonem
884 1367 966 1427 misit
980 1377 1095 1428 exer-2

49 1517 53 1523 ,
91 1453 199 1521 citum,
230 1465 320 1524 quem
342 1465 435 1509 arena
457 1457 561 1510 austro
584 1457 666 1510 mota
685 1457 715 1509 et
735 1467 820 1511 more
835 1452 914 1520 nivis
929 1450 1068 1511 incidens

88 1535 179 1608 texit,
208 1534 320 1593 deinde
342 1534 450 1593 obruit.
484 1542 556 1593 tuno
578 1550 703 1609 quoquc
723 1536 888 1596 verisimile
909 1544 956 1596 est
972 1537 1068 1595 fuisse

89 1620 255 1680 tonitruum
267 1617 455 1692 fulminaque
467 1618 576 1677 adtritu
588 1634 700 1677 arenae
712 1634 783 1678 sese
795 1621 982 1681 adfricantis.
1002 1620 1097 1680 Non3

88 1710 242 1776 repugnat
256 1702 415 1775 proposito
431 1709 537 1761 nostro
553 1702 612 1761 ista
624 1702 737 1776 opinio.
759 1701 891 1764 diximus
903 1706 982 1765 enim
996 1703 1068 1764 utri-

90 1800 192 1859 usque
214 1792 341 1845 naturae
362 1801 494 1858 corpora
515 1783 621 1843 efflare
642 1794 739 1845 terras
762 1794 791 1844 et
811 1789 884 1847 sicci
907 1789 1022 1863 aliquid
1041 1796 1070 1846 ct

91 1868 207 1928 frumidi
221 1869 251 1927 in
267 1875 331 1928 tcto
347 1871 418 1926 acre
432 1870 547 1942 vagari.
575 1869 678 1942 itaque
693 1868 720 1926 si
736 1869 809 1940 quid
824 1874 882 1928 tale
898 1871 1068 1943 intervenit,

88 1953 203 2012 nubem
224 1952 295 2012 lecit
315 1952 490 2012 solidiorem
512 1959 541 2010 ct
562 1951 761 2025 crassiorem,
792 1969 881 2024 quam
907 1953 934 2012 si
955 1959 1069 2011 tantum

90 2034 222 2110 simplici
243 2035 351 2109 spiritu
371 2042 533 2095 texeretur.
569 2035 623 2093 llla
638 2035 734 2109 frangi
748 2042 852 2109 potest
866 2043 895 2095 et
911 2037 1003 2095 edere
1018 2038 1098 2094 so-4

89 2135 180 2179 num:
209 2119 267 2179 ista
288 2135 367 2195 quae
388 2119 466 2192 dixi,
495 2120 561 2178 sive
581 2120 730 2178 incendiis
754 2121 972 2194 vaporantibus
998 2122 1069 2178 adro

89 2204 288 2278 repleverunt
303 2203 369 2275 sivo
384 2202 484 2262 ventis
499 2209 595 2262 terras
610 2203 783 2276 urentibus,
806 2220 936 2264 necesse
952 2211 1001 2266 est
1013 2221 1068 2263 nu-

89 2287 160 2346 bem
182 2287 293 2346 faciant
314 2297 383 2346 ante
406 2303 495 2360 quam
515 2303 633 2346 sonum.
665 2288 775 2347 nubem
792 2297 892 2349 autem
907 2297 967 2350 tam
985 2289 1069 2348 arida

90 2386 182 2445 quam
203 2370 328 2431 humida
350 2378 525 2429 conserunt.
561 2378 608 2431 est
629 2372 722 2444 enim,
747 2379 779 2431 ut
799 2375 947 2445 diximus,
970 2371 1068 2432 nubes

90 2453 262 2528 spissitudo
278 2455 357 2513 atiris
373 2455 479 2512 crassi.

153 2537 258 2596 XXXI.
281 2538 419 2597 Ceterum
436 2539 510 2597 mira
525 2539 672 2610 fulminis,
696 2539 722 2597 si
737 2539 844 2597 intueri
859 2539 950 2608 velis,
974 2544 1096 2609 operat

90 2628 163 2681 sunt
177 2636 234 2680 nco
250 2622 413 2695 quicquam
430 2621 513 2681 dubii
525 2623 742 2696 relinquentia,
759 2620 830 2694 quin
844 2619 945 2679 divina
958 2617 997 2677 sit
1009 2618 1068 2677 illis

90 2720 127 2764 ao
143 2702 263 2764 subtilis
275 2705 425 2779 potentia:
448 2705 556 2765 loculis
569 2705 694 2779 integris
709 2710 757 2776 [ac
768 2703 905 2775 inlaesis]
919 2700 1069 2762 conflatur

89 2795 259 2862 argentum.
289 2795 430 2846 manente
449 2789 560 2862 vagina
578 2788 697 2863 gladius
715 2788 782 2860 ipse
800 2787 950 2861 liquescit.
980 2792 1010 2845 et
1024 2786 1067 2845 in-

89 2872 203 2931 violato
214 2871 296 2946 ligno
310 2870 390 2930 circa
401 2871 464 2945 pila
476 2872 586 2931 ferrum
600 2887 690 2931 omne
702 2869 835 2930 distillat.
860 2876 919 2930 stat
929 2878 959 2929 et
972 2871 1067 2930 fracto

91 2955 174 3016 dolio
197 2955 300 3016 vinum
316 2971 372 3015 nec
389 2957 467 3015 ultra
481 2955 612 3014 triduum
628 2955 677 3013 ille
691 2952 775 3026 rigor
791 2955 888 3014 durat.
924 2955 1000 3014 lllud
1018 2963 1096 3014 aet

91 3054 152 3113 que
177 3038 254 3098 inter
274 3038 449 3100 adnotanda
470 3055 570 3112 ponas
590 3038 675 3110 licet,
706 3038 790 3110 quod
812 3045 842 3097 et
862 3039 1017 3098 hominum
1039 3046 1068 3097 ct

91 3129 262 3182 ceterorum
282 3121 471 3193 animalium,
495 3137 575 3197 quae
596 3121 656 3180 icta
679 3128 764 3194 sunt,
787 3130 879 3196 caput
896 3130 1014 3197 spectat
1029 3122 1068 3180 ad

91 3207 206 3265 exitum
231 3205 384 3278 fulminis,
413 3206 497 3279 quod
523 3205 656 3264 omnium
683 3221 899 3278 percussorum
925 3206 1067 3264 arborum

90 3297 198 3349 contra
219 3289 343 3348 fulmina
364 3289 482 3348 astulae
507 3297 644 3362 surgunt.
685 3288 777 3363 Quid,
809 3289 892 3364 quod
918 3290 1067 3346 malorum

90 3372 279 3447 serpentium
299 3380 329 3431 et
349 3371 478 3431 aliorum
497 3372 685 3445 animalium,
717 3372 828 3447 quibus
849 3369 1003 3430 mortifera
1019 3367 1066 3427 vis

89 3456 183 3528 inest,
214 3472 281 3517 cum
303 3454 427 3514 fulmine
447 3454 507 3514 icta
528 3463 613 3529 sunt,
635 3454 787 3516 venenum
808 3468 898 3529 omnc
914 3450 1065 3510 consumi-
