2364 3840
284 211 335 272 ΒΕ
351 210 564 271 BENEFICHS
584 210 721 269 1.lB.vl.
745 221 876 275 15-17.
1006 212 1068 278 117

85 363 227 423 vendunt
242 361 392 438 obligant,
407 362 463 422 scd
478 362 610 437 benigna
622 369 652 421 et
662 361 800 421 familiari
813 363 976 422 voluntate.
1010 366 1097 432 lla-a

89 462 152 523 que
172 441 309 518 medico,
333 446 359 506 si
380 445 453 505 nihil
475 446 606 520 amplius
623 462 714 521 quam
729 461 851 504 manum
866 447 962 520 tangit
976 454 1068 507 elme

88 531 167 590 inter
179 546 323 605 eosquos
334 530 524 604 perambulat
535 530 629 604 ponit,
642 529 708 589 sine
719 530 781 589 ullo
793 530 916 589 adiectu
929 531 1069 590 iacienda

86 613 253 674 vitandave
267 613 478 688 praecipiens,
497 613 571 672 nihil
586 614 717 687 amplius
729 614 845 687 debeo,
863 613 935 688 quia
946 629 994 673 me
1006 630 1067 673 non

87 708 245 773 tamquam
261 698 391 757 amicum
402 697 491 768 vidit,
510 697 566 756 sed
581 704 736 772 tamquam
751 699 976 773 imperatorem.
1007 699 1097 757 Nece

88 789 322 858 praeceptorem
338 781 463 857 quidem
478 780 576 841 habeo
594 797 806 854 corroderer,
824 781 850 842 si
865 796 914 842 me
929 782 957 840 in
975 797 1069 856 grege

88 864 312 940 discipulorum
333 863 451 938 habuit,
479 864 506 924 si
528 882 588 926 non
611 867 729 940 putavit
748 867 872 940 dignum
894 869 1020 941 propria
1040 873 1070 924 et

88 949 237 1026 peculiari
258 965 347 1020 cura,
376 949 404 1008 si
424 965 589 1024 numquam
611 948 641 1009 in
663 965 712 1008 me
733 950 844 1010 direxit
863 951 1005 1010 animum.
1040 957 1070 1009 et

89 1049 160 1094 cum
185 1033 222 1105 in,
241 1032 376 1093 medium
402 1031 573 1093 effunderet
598 1049 678 1107 quae
709 1034 841 1108 sciebat,
874 1051 936 1094 non
965 1034 1068 1107 didici,

88 1118 147 1178 sed
163 1118 282 1192 excepi.
311 1117 387 1190 Quid
401 1132 473 1191 ergo
486 1125 542 1191 est,
560 1131 654 1190 quare
665 1116 731 1175 istis
744 1117 912 1177 debeamus
924 1119 1098 1182 multumtl

88 1217 153 1262 non
170 1201 243 1277 quia
257 1201 353 1276 pluris
368 1209 415 1261 est
430 1201 515 1275 quod
532 1199 734 1261 vendiderunt
750 1216 840 1275 quam
858 1201 995 1275 emimus,
1012 1204 1068 1261 sed

91 1286 166 1360 quia
177 1285 266 1345 nobis
283 1284 358 1359 ipsis
370 1284 485 1359 aliquid
497 1283 727 1360 praestiteruntz
750 1283 800 1342 ille
812 1285 910 1358 magis
924 1286 1070 1358 pependit

91 1385 185 1445 quam
207 1369 327 1429 medico
348 1384 479 1428 necesse
499 1378 555 1428 est.
587 1385 642 1443 pro
664 1386 727 1442 me,
750 1384 810 1427 non
827 1385 882 1443 pro
899 1369 980 1426 sama
996 1368 1069 1427 artis

90 1453 238 1514 extimuit.
267 1467 330 1533 ,non
353 1453 408 1512 luit
427 1461 589 1513 contentus
610 1454 746 1512 remedia
765 1460 951 1526 monstrare,
972 1460 1002 1511 et
1016 1453 1069 1511 ad-

88 1536 195 1597 movit.
213 1537 290 1596 inter
302 1539 460 1608 [sollcitos]
473 1536 621 1596 sollicitus
634 1537 769 1609 adsedit,
786 1537 826 1595 ad
838 1544 985 1611 suspecta
998 1546 1070 1596 lem-

91 1635 169 1695 pora
184 1621 324 1679 occurrit.
346 1621 460 1679 nullum
476 1621 674 1680 ministerium
686 1621 727 1680 illi
740 1621 840 1693 oneri,
856 1622 971 1682 nullum
986 1621 1070 1680 lasli-

89 1703 142 1763 dio
158 1703 223 1764 luit.
245 1703 374 1777 gemitus
390 1719 476 1762 meos
491 1721 551 1763 non
567 1720 695 1764 securus
708 1704 832 1764 audivit.
854 1707 883 1765 in
896 1705 984 1765 turba
995 1705 1098 1768 mul-5

94 1795 192 1846 lorum
212 1786 418 1846 invocantium
440 1803 497 1860 ego
514 1789 554 1847 illi
570 1789 731 1861 potissima
745 1789 860 1849 curatio
877 1791 929 1849 lui.
958 1796 1071 1848 tanturn

91 1871 160 1932 aliis
176 1868 310 1949 vacavit,
327 1878 472 1945 quantum
485 1887 553 1929 mea
564 1872 698 1930 valitudo
712 1871 906 1945 permiserat:
930 1871 1000 1931 huic
1012 1888 1070 1945 ego

91 1970 153 2015 non
166 1961 320 2028 tamquam
333 1953 468 2027 medico,
482 1954 537 2013 sed
549 1962 702 2028 tamquam
716 1954 814 2013 amico
828 1954 981 2028 obligatus
993 1972 1070 2014 sum.

90 2039 178 2097 Alter
197 2053 305 2096 rursus
328 2038 468 2097 docendo
491 2045 520 2096 et
541 2038 677 2096 laborem
694 2045 724 2097 et
738 2039 870 2098 taedium
886 2037 960 2097 tulit.
984 2053 1101 2112 prae-5

90 2128 138 2181 ter
159 2120 224 2194 illa,
255 2136 334 2196 quae
359 2138 377 2180 a
403 2121 660 2195 praecipientibus
687 2122 716 2180 in
738 2137 899 2181 commune
920 2120 1071 2194 dicuntur,

90 2204 197 2279 aliqua
217 2205 374 2263 instillavit
393 2220 429 2263 ac
452 2204 591 2274 tradidit,
621 2205 772 2266 hortando
798 2206 912 2266 bonam
938 2205 1072 2266 indolem

91 2288 190 2348 erexit
210 2295 241 2347 et
260 2289 352 2348 modo
370 2289 513 2348 laudibus
530 2291 600 2348 lecit
615 2290 760 2364 animum,
784 2291 875 2351 modo
891 2289 1072 2351 admonitio·

89 2371 182 2432 nibus
198 2371 344 2431 discussit
359 2370 517 2431 desidiam.
548 2379 611 2432 lum
627 2373 781 2447 ingenium
796 2376 894 2434 latens
910 2383 940 2434 et
954 2376 1101 2449 pigrun17

90 2456 220 2528 iniecta,
241 2463 274 2515 ut
292 2457 334 2515 ita
355 2455 469 2529 dicam,
491 2472 582 2516 manu
604 2461 743 2516 extraxit.
779 2474 835 2516 nec
857 2473 936 2532 quae
957 2458 1074 2516 sciebat

91 2539 226 2613 maligne
245 2539 453 2615 dispensavit,
475 2556 536 2614 quo
555 2541 667 2600 diutius
683 2548 766 2600 esset
782 2540 993 2611 necessarius,
1016 2541 1074 2599 sed

91 2623 203 2697 cupiit,
226 2623 253 2682 si
273 2630 396 2702 posset,
420 2621 566 2683 universa
584 2624 814 2684 transfundere:
839 2624 974 2696 ingratus
995 2637 1072 2696 sum,

90 2707 151 2767 nisi
166 2706 251 2765 illum
266 2707 344 2766 inter
358 2707 547 2780 gratissimas
563 2707 808 2767 necessitudines
825 2706 927 2779 diligo.

155 2789 250 2848 XVll.
281 2789 569 2850 Sordidissimorum
593 2805 717 2865 quoque
738 2789 934 2849 artificiorum
955 2790 1101 2856 instita-l

90 2874 212 2935 loribus
234 2890 328 2948 supra
349 2875 544 2934 constitutum
569 2874 685 2948 aliquid
710 2873 896 2947 adiecimus,
928 2873 954 2934 si
982 2874 1072 2935 nobis

90 2973 190 3033 opera
211 2956 328 3016 illorum
352 2958 470 3017 enixior
489 2957 557 3016 visa
576 2965 632 3016 est.
661 2964 691 3016 et
710 2957 906 3031 gubernatori
922 2967 951 3017 et
970 2959 1071 3034 opifici

89 3041 261 3100 vilissimae
273 3041 383 3099 mercis
397 3048 426 3099 et
437 3041 466 3099 in
479 3041 557 3100 diem
570 3057 605 3100 se
617 3041 728 3101 locanti
742 3042 932 3102 corollarium
946 3043 1072 3117 adsper-

90 3125 199 3183 simus.
233 3124 265 3182 ln
283 3124 405 3198 optimis
420 3139 493 3183 vero
510 3124 641 3197 artibus,
665 3140 744 3199 quae
766 3124 856 3184 vitam
878 3133 930 3184 aut
948 3138 1100 3188 censer-u

90 3214 165 3266 vant
176 3214 230 3266 aut
241 3209 393 3278 excolunt,
411 3208 462 3281 qui
475 3206 547 3265 nihil
560 3223 595 3265 se
607 3210 676 3281 plus
689 3207 842 3268 existimat
854 3208 968 3267 debere
981 3223 1071 3282 quam

90 3290 224 3366 pepigit,
247 3290 382 3364 ingratus
403 3298 459 3348 est.
494 3291 592 3350 Adice
608 3293 691 3365 quod
707 3291 812 3352 talium
827 3291 997 3350 studiorum
1013 3297 1071 3348 tra-

90 3372 166 3433 ditio
189 3372 299 3434 miscet
319 3374 447 3433 animos.
477 3373 536 3433 hoc
557 3390 626 3434 cum
647 3377 759 3435 lactum
781 3380 844 3445 est,
870 3380 930 3431 tam
952 3371 1071 3430 medico

91 3473 185 3532 quarn
197 3457 391 3533 praeceptori
403 3456 530 3532 pretium
544 3474 657 3533 operae
671 3459 813 3527 solvitur,
832 3454 922 3512 animi
935 3453 1071 3511 debetur.
