2364 3840
157 112 217 178 182
237 114 270 172 L.
283 112 428 171 ANNAEl
442 111 617 171 standena
637 111 777 173 NATUR.
791 112 956 186 banasa.
973 115 1047 175 LlB.
1059 115 1080 173 l.
1093 124 1127 180 p,

154 280 214 339 que
234 279 326 324 casus
348 261 489 323 ostendit.
519 261 631 322 deinde
650 277 718 321 eum
732 261 865 322 blandus
887 261 935 323 sui
955 265 1128 326 mortalibus

152 364 238 408 anaor
253 348 372 407 dulcem
392 346 572 420 adspectum
588 346 706 405 formae
719 359 795 406 suae
810 345 939 418 laceret,
957 347 1085 423 saepius
1100 364 1129 409 ea

151 447 333 506 respexere,
355 430 514 504 inquibus
538 429 622 503 prius
645 428 764 502 efligies
779 444 852 489 suas
866 429 1018 492 viderant.
1052 431 1128 493 Post·

153 532 244 590 quam
265 515 398 574 deterior
419 513 552 587 populus
573 513 658 586 ipsas
674 512 766 572 subiit
780 521 877 573 terras
892 512 1069 575 effossuros
1081 516 1128 576 ob

152 599 285 671 ruenda,
303 599 414 656 terrum
430 597 557 670 primurn
573 595 602 654 in
618 611 678 655 usu
694 596 748 655 luit
760 603 804 670 (el
818 596 850 656 id
864 596 981 672 inpune
995 597 1127 659 homines

152 689 302 754 eruerant,
317 681 344 740 si
359 680 458 740 solurn
470 680 634 748 eruissent)
645 685 717 738 tunc
732 679 854 740 demum
866 680 1039 743 alleterrae
1049 685 1127 756 mala,

153 780 282 840 quorum
304 764 430 823 laevitas
453 762 536 822 aliud
561 762 721 837 agentibus
744 763 880 837 speciem
906 779 995 824 suam
1022 766 1128 839 obtulit,

154 863 244 922 quam
264 846 312 905 bic
328 847 357 905 in
373 848 501 921 poculo,
518 846 567 904 ille
582 844 612 904 in
629 861 700 905 aere
715 847 754 905 ad
768 846 846 907 alios
864 862 943 907 usus
959 858 1128 924 comparato

152 930 236 989 vidit.
262 936 292 988 et
305 946 378 990 mox
393 930 517 1005 proprie
531 928 602 989 huic
616 929 783 990 ministerio
800 939 1004 1006 praeparatus
1020 940 1068 992 est
1085 949 1125 992 or·

152 1014 215 1085 bis,
244 1013 381 1073 nondum
407 1013 542 1088 argentei
566 1012 673 1072 nitoris
700 1013 816 1087 trag-itis
838 1013 971 1089 vilisque
997 1017 1125 1078 materia.

122 1098 236 1172 7Tunc
254 1113 393 1172 quoque,
409 1114 477 1157 curn
492 1096 608 1171 antiqui
623 1096 664 1156 illi
677 1096 732 1154 viri
748 1097 904 1159 incondite
917 1099 1073 1172 viverent,
1086 1117 1126 1160 sa·

156 1181 193 1241 tis
209 1180 309 1254 nitidi,
330 1182 356 1241 si
380 1184 555 1256 squalorem
577 1194 671 1254 opere
685 1181 845 1242 collectum
861 1181 996 1243 adverso
1011 1182 1127 1263 flumine

153 1265 304 1339 eluerent,
327 1282 401 1326 cura
415 1279 537 1325 cornere
551 1264 693 1338 capillum
709 1263 764 1323 luit
778 1279 815 1323 ac
829 1264 1055 1338 prominentem
1068 1267 1128 1327 bar

151 1348 222 1408 batn
237 1352 415 1424 depectere:
438 1355 467 1407 et
482 1350 511 1406 in
526 1347 584 1405 hac
599 1360 633 1405 re
648 1347 780 1421 quisque
794 1346 868 1421 sibi,
890 1349 977 1409 alteri
991 1348 1129 1409 invicem

153 1447 279 1507 operarn
299 1432 400 1492 dabat.
437 1431 495 1507 [ne]
518 1431 682 1503 coniugum
702 1431 825 1504 quidem
845 1446 939 1492 manu
960 1433 1055 1494 onnis
1076 1435 1128 1505 ille,

154 1532 244 1589 quern
259 1515 417 1576 effundere
432 1512 503 1574 olim
518 1529 585 1573 nuos
599 1512 673 1573 viris
689 1514 758 1586 luit,
774 1514 1016 1590 adnectebatur,
1031 1517 1087 1577 sed
1100 1518 1130 1575 il·

153 1601 213 1657 lurn
228 1597 287 1658 sibi
302 1600 361 1674 ipsi
375 1600 442 1658 sinc
457 1599 519 1658 ullo
531 1597 647 1656 artifice
662 1596 789 1658 lormosi
803 1598 989 1672 quatiebant,
1006 1616 1069 1663 nou
1083 1600 1130 1659 ali-

119 1689 197 1752 ster
217 1697 307 1756 quarn
329 1682 429 1742 iubam
452 1696 603 1757 generosa
628 1680 778 1741 animalia.
814 1681 927 1743 Postea
952 1682 1015 1743 iam
1034 1697 1130 1744 rerum

153 1765 287 1840 poliente
309 1766 429 1827 luxuria
449 1766 576 1840 specula
598 1765 668 1824 lotis
690 1765 775 1838 peria
796 1766 980 1839 corporibus
996 1782 1073 1827 auro
1087 1783 1129 1828 ar·

151 1858 305 1925 genteque
317 1851 435 1911 coelata
455 1857 533 1923 sunt,
549 1847 676 1923 gemmis
692 1847 805 1908 deinde
819 1849 968 1909 adornata
986 1859 1019 1911 et
1039 1851 1129 1926 pluris

150 1949 245 1992 linum
261 1948 300 1992 ex
316 1934 363 1994 his
380 1932 511 1993 feminae
529 1932 675 2004 constitit,
693 1946 784 2006 quarn
799 1933 993 2007 antiquarum
1008 1934 1068 1995 dos
1083 1934 1132 1992 luit

152 2021 238 2088 [non]
253 2016 318 2091 ille,
342 2033 421 2091 quae
441 2017 562 2092 publice
584 2015 712 2074 dabatur
727 2015 945 2090 imperatorum
961 2032 1130 2093 pauperum

151 2097 264 2156 liberis.
290 2101 338 2157 An
361 2107 393 2158 tu
407 2099 562 2159 existimas
579 2114 653 2158 auro
669 2098 793 2158 inditum
816 2097 964 2160 habuisse
979 2099 1131 2176 Scipionis

121 2180 233 2245 sfitias
248 2183 423 2254 speculum,
446 2197 514 2242 curn
536 2182 593 2241 illis
609 2181 667 2241 dos
682 2183 791 2242 luisset
804 2197 859 2242 aes
873 2189 990 2257 gravet
1024 2183 1047 2244 0
1063 2185 1131 2245 felix

151 2271 334 2339 paupertas,
351 2280 432 2339 quae
443 2271 525 2325 tanto
535 2265 620 2324 tilulo
632 2267 732 2326 locum
746 2266 832 2325 lecitt
852 2265 919 2326 Non
935 2265 1064 2329 lecisset
1076 2267 1130 2327 illis

153 2355 278 2410 senalus
301 2348 419 2422 dotem,
442 2350 468 2409 si
485 2348 673 2408 habuissent.
706 2356 737 2408 at
751 2349 894 2424 quisquis
907 2349 960 2409 ille
980 2359 1063 2423 erat,
1085 2349 1131 2410 cui

150 2434 253 2497 soceri
275 2435 343 2495 loco
362 2440 487 2493 senatus
512 2432 580 2503 luit,
607 2432 754 2492 intellexit
774 2433 936 2507 accepisse
958 2448 996 2493 se
1021 2435 1130 2507 dotem,

153 2534 244 2592 quarn
266 2517 312 2578 ias
329 2535 389 2578 non
406 2525 490 2576 esset
502 2516 648 2575 reddere:
674 2515 733 2575 iarn
748 2513 957 2578 libertinorum
971 2517 1130 2593 virguncu·

151 2603 189 2660 lis
212 2603 241 2659 in
263 2618 356 2662 unum
379 2603 538 2675 speculum
559 2615 621 2659 non
642 2598 754 2659 sulficit
772 2599 824 2659 illa
838 2600 912 2672 dos,
935 2614 1029 2675 quam
1053 2601 1132 2661 dedit

115 2692 279 2756 maenalus
299 2702 354 2759 pro
365 2685 510 2761 Sceptone.
534 2683 685 2757 prooessit
699 2682 777 2741 enim
793 2683 937 2757 paulatim
950 2681 983 2743 iu
998 2684 1130 2746 deterius

155 2766 268 2841 opibus
289 2767 367 2842 ipsis
387 2767 513 2828 invitata
527 2766 646 2828 luxuria
659 2772 689 2824 et
702 2765 921 2826 incrementum
936 2767 1047 2842 ingens
1061 2768 1130 2829 vitia

153 2857 314 2924 ceperunt,
340 2851 481 2925 adeoque
506 2848 608 2910 omnia
633 2848 796 2909 indiscreta
819 2856 891 2909 suut
911 2849 1129 2912 diversissimis

153 2933 277 3005 artibus,
290 2940 322 2992 ut
333 2933 479 3008 quicquid
492 2933 622 2993 mundus
637 2929 790 2992 muliebris
803 2932 979 3007 vocabatur,
994 2934 1129 2995 sarcinae

152 3014 256 3074 viriles
278 3013 352 3074 sint=
377 3015 478 3076 minus
493 3016 578 3087 dico,
600 3016 690 3075 etiam
705 3014 857 3075 militares.
888 3015 952 3074 Iam
973 3018 1128 3093 speculum

153 3104 277 3156 ornatus
289 3104 403 3158 tanturn
420 3114 514 3159 causa
527 3099 709 3159 adhibetur?
728 3097 802 3158 nulli
815 3114 878 3160 non
895 3096 971 3160 vitio
986 3115 1129 3163 necessa·

150 3181 226 3239 riunr
242 3180 353 3240 lactum
369 3188 424 3241 est.

541 3356 749 3367 ----—-
