<?xml version="1.0" encoding="UTF-8"?>
<!DOCTYPE html PUBLIC "-//W3C//DTD XHTML 1.0 Transitional//EN"
    "http://www.w3.org/TR/xhtml1/DTD/xhtml1-transitional.dtd">
<html xmlns="http://www.w3.org/1999/xhtml" xml:lang="en" lang="en">
 <head>
  <title>
</title>
<meta http-equiv="Content-Type" content="text/html;charset=utf-8" />
  <meta name='ocr-system' content='tesseract 3.04.00' />
  <meta name='ocr-capabilities' content='ocr_page ocr_carea ocr_par ocr_line ocrx_word'/>
</head>
<body>
  <div class='ocr_page' id='page_1' title='image "./lannaeisenecaeo01senegoog_0011.png"; bbox 0 0 2364 3840; ppageno 0'>
   <div class='ocr_carea' id='block_1_1' title="bbox 120 186 742 238">
    <p class='ocr_par' dir='ltr' id='par_1_1' title="bbox 120 186 742 238">
     <span class='ocr_line' id='line_1_1' title="bbox 120 186 742 238; baseline -0.006 0"><span class='ocrx_word' id='word_1_1' title='bbox 120 202 145 238; x_wconf 81' lang='lat' dir='ltr'><strong>ta</strong></span> <span class='ocrx_word' id='word_1_2' title='bbox 505 186 742 236; x_wconf 65' lang='lat' dir='ltr'><strong>enarratio</strong></span> 
     </span>
    </p>
   </div>
   <div class='ocr_carea' id='block_1_2' title="bbox 117 323 1137 3333">
    <p class='ocr_par' dir='ltr' id='par_1_2' title="bbox 120 323 1137 1823">
     <span class='ocr_line' id='line_1_2' title="bbox 123 323 1134 391; baseline 0.002 -18"><span class='ocrx_word' id='word_1_3' title='bbox 123 333 241 388; x_wconf 78' lang='lat' dir='ltr'>superest</span> <span class='ocrx_word' id='word_1_4' title='bbox 260 325 316 386; x_wconf 90' lang='lat' dir='ltr'><strong>ejus</strong></span> <span class='ocrx_word' id='word_1_5' title='bbox 331 332 427 371; x_wconf 87' lang='lat' dir='ltr'><strong>tantum</strong></span> <span class='ocrx_word' id='word_1_6' title='bbox 443 336 504 386; x_wconf 89' lang='lat' dir='ltr'><strong>pars</strong></span> <span class='ocrx_word' id='word_1_7' title='bbox 522 323 626 370; x_wconf 84' lang='lat' dir='ltr'><strong>minima</strong></span> <span class='ocrx_word' id='word_1_8' title='bbox 644 336 669 370; x_wconf 91' lang='lat' dir='ltr'><strong>et</strong></span> <span class='ocrx_word' id='word_1_9' title='bbox 690 338 816 373; x_wconf 78' lang='lat' dir='ltr'><strong>extrema.</strong></span> <span class='ocrx_word' id='word_1_10' title='bbox 842 325 869 373; x_wconf 92' lang='lat' dir='ltr'><strong>id</strong></span> <span class='ocrx_word' id='word_1_11' title='bbox 886 325 956 386; x_wconf 83' lang='lat' dir='ltr'><strong>quod</strong></span> <span class='ocrx_word' id='word_1_12' title='bbox 973 328 1030 391; x_wconf 83' lang='lat' dir='ltr'><strong>ipse</strong></span> <span class='ocrx_word' id='word_1_13' title='bbox 1047 323 1134 377; x_wconf 76' lang='lat' dir='ltr'><strong>Seneca</strong></span> 
     </span>
     <span class='ocr_line' id='line_1_3' title="bbox 122 392 1135 461; baseline 0.003 -19"><span class='ocrx_word' id='word_1_14' title='bbox 122 394 187 442; x_wconf 87' lang='lat' dir='ltr'><strong>satis</strong></span> <span class='ocrx_word' id='word_1_15' title='bbox 206 392 316 449; x_wconf 85' lang='lat' dir='ltr'><strong>indicat,</strong></span> <span class='ocrx_word' id='word_1_16' title='bbox 331 393 374 453; x_wconf 87' lang='lat' dir='ltr'><strong>qui</strong></span> <span class='ocrx_word' id='word_1_17' title='bbox 389 402 524 456; x_wconf 76' lang='lat' dir='ltr'><strong>postquam</strong></span> <span class='ocrx_word' id='word_1_18' title='bbox 537 405 620 456; x_wconf 82' lang='lat' dir='ltr'><strong>pauca</strong></span> <span class='ocrx_word' id='word_1_19' title='bbox 636 392 668 440; x_wconf 92' lang='lat' dir='ltr'><strong>de</strong></span> <span class='ocrx_word' id='word_1_20' title='bbox 684 393 807 456; x_wconf 78' lang='lat' dir='ltr'><strong>grandine</strong></span> <span class='ocrx_word' id='word_1_21' title='bbox 825 393 904 443; x_wconf 81' lang='lat' dir='ltr'>dixit.</span> <span class='ocrx_word' id='word_1_22' title='bbox 930 410 954 441; x_wconf 86' lang='lat' dir='ltr'><strong>e.</strong></span> <span class='ocrx_word' id='word_1_23' title='bbox 980 396 1015 459; x_wconf 76' lang='grc'><strong>4,</strong></span> <span class='ocrx_word' id='word_1_24' title='bbox 1042 397 1135 461; x_wconf 75' lang='lat' dir='ltr'><strong>lpm-</strong></span> 
     </span>
     <span class='ocr_line' id='line_1_4' title="bbox 123 459 1135 522; baseline 0.003 -12"><span class='ocrx_word' id='word_1_25' title='bbox 123 470 189 510; x_wconf 87' lang='lat' dir='ltr'><strong>ctam</strong></span> <span class='ocrx_word' id='word_1_26' title='bbox 209 475 265 509; x_wconf 88' lang='lat' dir='ltr'><strong>esse</strong></span> <span class='ocrx_word' id='word_1_27' title='bbox 289 462 464 522; x_wconf 87' lang='lat' dir='ltr'><strong>quaestionem</strong></span> <span class='ocrx_word' id='word_1_28' title='bbox 484 461 520 506; x_wconf 89' lang='lat' dir='ltr'><strong>ait</strong></span> <span class='ocrx_word' id='word_1_29' title='bbox 540 472 565 507; x_wconf 88' lang='lat' dir='ltr'><strong>et</strong></span> <span class='ocrx_word' id='word_1_30' title='bbox 589 459 656 508; x_wconf 83' lang='lat' dir='ltr'><strong>relic</strong></span> <span class='ocrx_word' id='word_1_31' title='bbox 673 475 701 508; x_wconf 87' lang='lat' dir='ltr'><strong>se</strong></span> <span class='ocrx_word' id='word_1_32' title='bbox 723 461 849 522; x_wconf 83' lang='lat' dir='ltr'><strong>quaedam</strong></span> <span class='ocrx_word' id='word_1_33' title='bbox 871 462 941 511; x_wconf 84' lang='lat' dir='ltr'><strong>relat</strong></span> <span class='ocrx_word' id='word_1_34' title='bbox 966 464 992 511; x_wconf 89' lang='lat' dir='ltr'><strong>in</strong></span> <span class='ocrx_word' id='word_1_35' title='bbox 1016 464 1135 513; x_wconf 82' lang='lat' dir='ltr'><strong>tumulato</strong></span> 
     </span>
     <span class='ocr_line' id='line_1_5' title="bbox 123 527 1136 598; baseline 0.004 -20"><span class='ocrx_word' id='word_1_36' title='bbox 123 531 226 579; x_wconf 79' lang='lat' dir='ltr'><strong>addere.</strong></span> <span class='ocrx_word' id='word_1_37' title='bbox 264 529 346 587; x_wconf 80' lang='lat' dir='ltr'><strong>Quare</strong></span> <span class='ocrx_word' id='word_1_38' title='bbox 363 529 432 577; x_wconf 84' lang='lat' dir='ltr'><strong>side</strong></span> <span class='ocrx_word' id='word_1_39' title='bbox 450 528 540 576; x_wconf 86' lang='lat' dir='ltr'><strong>lacuna</strong></span> <span class='ocrx_word' id='word_1_40' title='bbox 555 527 616 575; x_wconf 87' lang='lat' dir='ltr'><strong>mibi</strong></span> <span class='ocrx_word' id='word_1_41' title='bbox 635 530 793 579; x_wconf 68' lang='lat' dir='ltr'><strong>conceditur.</strong></span> <span class='ocrx_word' id='word_1_42' title='bbox 817 545 894 592; x_wconf 86' lang='lat' dir='ltr'><strong>qoam</strong></span> <span class='ocrx_word' id='word_1_43' title='bbox 912 546 962 595; x_wconf 79' lang='lat' dir='ltr'><strong>ego</strong></span> <span class='ocrx_word' id='word_1_44' title='bbox 977 533 1057 581; x_wconf 86' lang='lat' dir='ltr'><strong>etiam</strong></span> <span class='ocrx_word' id='word_1_45' title='bbox 1074 532 1136 598; x_wconf 82' lang='lat' dir='ltr'><strong>lrag·</strong></span> 
     </span>
     <span class='ocr_line' id='line_1_6' title="bbox 124 596 1136 662; baseline 0.003 -15"><span class='ocrx_word' id='word_1_46' title='bbox 124 601 216 647; x_wconf 84' lang='lat' dir='ltr'><strong>mentis</strong></span> <span class='ocrx_word' id='word_1_47' title='bbox 232 599 384 661; x_wconf 86' lang='lat' dir='ltr'><strong>quibusdam</strong></span> <span class='ocrx_word' id='word_1_48' title='bbox 402 598 435 645; x_wconf 93' lang='lat' dir='ltr'><strong>ab</strong></span> <span class='ocrx_word' id='word_1_49' title='bbox 453 599 509 661; x_wconf 86' lang='lat' dir='ltr'><strong>ipso</strong></span> <span class='ocrx_word' id='word_1_50' title='bbox 527 596 625 646; x_wconf 82' lang='lat' dir='ltr'><strong>Seneca</strong></span> <span class='ocrx_word' id='word_1_51' title='bbox 646 598 815 662; x_wconf 71' lang='lat' dir='ltr'><strong>suppeditatis</strong></span> <span class='ocrx_word' id='word_1_52' title='bbox 833 598 935 662; x_wconf 78' lang='lat' dir='ltr'><strong>explere</strong></span> <span class='ocrx_word' id='word_1_53' title='bbox 952 601 1043 649; x_wconf 83' lang='lat' dir='ltr'><strong>studui</strong></span> <span class='ocrx_word' id='word_1_54' title='bbox 1057 602 1136 651; x_wconf 84' lang='lat' dir='ltr'><strong>-le-</strong></span> 
     </span>
     <span class='ocr_line' id='line_1_7' title="bbox 127 665 1137 735; baseline 0.002 -19"><span class='ocrx_word' id='word_1_55' title='bbox 127 677 220 732; x_wconf 79' lang='lat' dir='ltr'><strong>guntur</strong></span> <span class='ocrx_word' id='word_1_56' title='bbox 236 683 266 716; x_wconf 89' lang='lat' dir='ltr'><strong>ea</strong></span> <span class='ocrx_word' id='word_1_57' title='bbox 283 666 360 730; x_wconf 88' lang='lat' dir='ltr'><strong>paulo</strong></span> <span class='ocrx_word' id='word_1_58' title='bbox 378 677 436 729; x_wconf 83' lang='lat' dir='ltr'><strong>post</strong></span> <span class='ocrx_word' id='word_1_59' title='bbox 449 682 471 715; x_wconf 84' lang='lat' dir='ltr'><strong>c.</strong></span> <span class='ocrx_word' id='word_1_60' title='bbox 484 665 516 723; x_wconf 70' lang='lat'><strong>8,</strong></span> <span class='ocrx_word' id='word_1_61' title='bbox 534 666 560 715; x_wconf 76' lang='grc' dir='ltr'><strong>θ.</strong></span> <span class='ocrx_word' id='word_1_62' title='bbox 577 682 600 713; x_wconf 84' lang='lat' dir='ltr'><strong>t.</strong></span> <span class='ocrx_word' id='word_1_63' title='bbox 618 665 663 717; x_wconf 80' lang='lat'><strong>13.</strong></span> <span class='ocrx_word' id='word_1_64' title='bbox 682 668 708 716; x_wconf 68' lang='grc' dir='ltr'><strong>ἵ.</strong></span> <span class='ocrx_word' id='word_1_65' title='bbox 725 692 759 703; x_wconf 90' lang='grc'><strong>-</strong></span> <span class='ocrx_word' id='word_1_66' title='bbox 776 667 843 716; x_wconf 86' lang='lat' dir='ltr'><strong>illud</strong></span> <span class='ocrx_word' id='word_1_67' title='bbox 856 682 960 731; x_wconf 79' lang='lat' dir='ltr'><strong>qnoque</strong></span> <span class='ocrx_word' id='word_1_68' title='bbox 977 668 1088 735; x_wconf 76' lang='lat' dir='ltr'><strong>intelligi</strong></span> <span class='ocrx_word' id='word_1_69' title='bbox 1101 685 1137 718; x_wconf 91' lang='lat' dir='ltr'><strong>ar·</strong></span> 
     </span>
     <span class='ocr_line' id='line_1_8' title="bbox 124 735 1136 801; baseline 0.004 -17"><span class='ocrx_word' id='word_1_70' title='bbox 124 737 218 796; x_wconf 88' lang='lat' dir='ltr'><strong>bitror,</strong></span> <span class='ocrx_word' id='word_1_71' title='bbox 238 751 269 784; x_wconf 92' lang='lat' dir='ltr'><strong>ne</strong></span> <span class='ocrx_word' id='word_1_72' title='bbox 287 749 419 783; x_wconf 85' lang='lat' dir='ltr'><strong>numerum</strong></span> <span class='ocrx_word' id='word_1_73' title='bbox 438 735 541 796; x_wconf 87' lang='lat' dir='ltr'><strong>quidem</strong></span> <span class='ocrx_word' id='word_1_74' title='bbox 559 735 695 797; x_wconf 69' lang='lat' dir='ltr'><strong>libromm,</strong></span> <span class='ocrx_word' id='word_1_75' title='bbox 716 750 780 797; x_wconf 87' lang='lat' dir='ltr'><strong>quos</strong></span> <span class='ocrx_word' id='word_1_76' title='bbox 805 751 871 783; x_wconf 86' lang='lat' dir='ltr'><strong>nune</strong></span> <span class='ocrx_word' id='word_1_77' title='bbox 891 748 990 801; x_wconf 78' lang='lat' dir='ltr'><strong>septem</strong></span> <span class='ocrx_word' id='word_1_78' title='bbox 1008 736 1136 797; x_wconf 78' lang='lat' dir='ltr'><strong>babemus,</strong></span> 
     </span>
     <span class='ocr_line' id='line_1_9' title="bbox 123 804 1136 868; baseline 0.005 -17"><span class='ocrx_word' id='word_1_79' title='bbox 123 820 212 853; x_wconf 85' lang='lat' dir='ltr'><strong>rerum</strong></span> <span class='ocrx_word' id='word_1_80' title='bbox 229 818 286 852; x_wconf 85' lang='lat' dir='ltr'><strong>esse</strong></span> <span class='ocrx_word' id='word_1_81' title='bbox 301 818 389 867; x_wconf 86' lang='lat' dir='ltr'><strong>posse:</strong></span> <span class='ocrx_word' id='word_1_82' title='bbox 406 805 463 866; x_wconf 89' lang='lat' dir='ltr'><strong>quis</strong></span> <span class='ocrx_word' id='word_1_83' title='bbox 481 805 548 852; x_wconf 88' lang='lat' dir='ltr'><strong>euim</strong></span> <span class='ocrx_word' id='word_1_84' title='bbox 567 804 686 852; x_wconf 75' lang='lat' dir='ltr'><strong>emdibile</strong></span> <span class='ocrx_word' id='word_1_85' title='bbox 704 806 817 868; x_wconf 89' lang='lat' dir='ltr'><strong>putabit.</strong></span> <span class='ocrx_word' id='word_1_86' title='bbox 841 806 910 867; x_wconf 86' lang='lat' dir='ltr'><strong>quod</strong></span> <span class='ocrx_word' id='word_1_87' title='bbox 924 816 949 853; x_wconf 90' lang='lat' dir='ltr'><strong>et</strong></span> <span class='ocrx_word' id='word_1_88' title='bbox 967 820 984 853; x_wconf 90' lang='lat' dir='ltr'><strong>a</strong></span> <span class='ocrx_word' id='word_1_89' title='bbox 1006 814 1136 856; x_wconf 79' lang='lat' dir='ltr'><strong>eonsuetu-</strong></span> 
     </span>
     <span class='ocr_line' id='line_1_10' title="bbox 122 871 1137 937; baseline 0.002 -16"><span class='ocrx_word' id='word_1_90' title='bbox 122 873 181 922; x_wconf 88' lang='lat' dir='ltr'><strong>diue</strong></span> <span class='ocrx_word' id='word_1_91' title='bbox 196 884 220 920; x_wconf 86' lang='lat' dir='ltr'><strong>et</strong></span> <span class='ocrx_word' id='word_1_92' title='bbox 236 873 267 920; x_wconf 87' lang='lat' dir='ltr'><strong>ab</strong></span> <span class='ocrx_word' id='word_1_93' title='bbox 285 882 339 920; x_wconf 86' lang='lat' dir='ltr'><strong>arte</strong></span> <span class='ocrx_word' id='word_1_94' title='bbox 352 871 463 921; x_wconf 78' lang='lat' dir='ltr'>Senecae</span> <span class='ocrx_word' id='word_1_95' title='bbox 480 874 554 937; x_wconf 87' lang='lat' dir='ltr'><strong>plane</strong></span> <span class='ocrx_word' id='word_1_96' title='bbox 569 872 681 921; x_wconf 88' lang='lat' dir='ltr'><strong>alienum</strong></span> <span class='ocrx_word' id='word_1_97' title='bbox 699 886 751 925; x_wconf 83' lang='lat' dir='ltr'><strong>est.</strong></span> <span class='ocrx_word' id='word_1_98' title='bbox 774 889 825 921; x_wconf 93' lang='lat' dir='ltr'><strong>uno</strong></span> <span class='ocrx_word' id='word_1_99' title='bbox 843 874 908 922; x_wconf 90' lang='lat' dir='ltr'><strong>libro</strong></span> <span class='ocrx_word' id='word_1_100' title='bbox 921 875 966 924; x_wconf 72' lang='grc' dir='ltr'><strong>Ν.</strong></span> <span class='ocrx_word' id='word_1_101' title='bbox 983 874 1051 925; x_wconf 84' lang='lat' dir='ltr'><strong>dnaa</strong></span> <span class='ocrx_word' id='word_1_102' title='bbox 1065 890 1137 937; x_wconf 86' lang='lat' dir='ltr'><strong>quae·</strong></span> 
     </span>
     <span class='ocr_line' id='line_1_11' title="bbox 121 940 1137 1007; baseline 0.005 -19"><span class='ocrx_word' id='word_1_103' title='bbox 121 943 218 989; x_wconf 83' lang='lat' dir='ltr'><strong>stiones</strong></span> <span class='ocrx_word' id='word_1_104' title='bbox 234 940 421 990; x_wconf 86' lang='lat' dir='ltr'><strong>dirersissimas</strong></span> <span class='ocrx_word' id='word_1_105' title='bbox 439 941 572 1005; x_wconf 86' lang='lat' dir='ltr'><strong>copulatas</strong></span> <span class='ocrx_word' id='word_1_106' title='bbox 587 955 645 989; x_wconf 81' lang='lat' dir='ltr'><strong>esse</strong></span> <span class='ocrx_word' id='word_1_107' title='bbox 663 944 769 1004; x_wconf 84' lang='lat' dir='ltr'><strong>ejusque</strong></span> <span class='ocrx_word' id='word_1_108' title='bbox 787 944 825 989; x_wconf 91' lang='lat' dir='ltr'><strong>rei</strong></span> <span class='ocrx_word' id='word_1_109' title='bbox 842 958 924 1004; x_wconf 85' lang='lat' dir='ltr'><strong>neque</strong></span> <span class='ocrx_word' id='word_1_110' title='bbox 939 945 965 991; x_wconf 89' lang='lat' dir='ltr'><strong>in</strong></span> <span class='ocrx_word' id='word_1_111' title='bbox 983 942 1137 1007; x_wconf 79' lang='lat' dir='ltr'><strong>praelatione</strong></span> 
     </span>
     <span class='ocr_line' id='line_1_12' title="bbox 122 1008 1137 1075; baseline 0.004 -19"><span class='ocrx_word' id='word_1_112' title='bbox 122 1008 190 1056; x_wconf 89' lang='lat' dir='ltr'><strong>illius</strong></span> <span class='ocrx_word' id='word_1_113' title='bbox 210 1008 268 1057; x_wconf 84' lang='lat' dir='ltr'><strong>libri</strong></span> <span class='ocrx_word' id='word_1_114' title='bbox 286 1025 367 1071; x_wconf 87' lang='lat' dir='ltr'><strong>neque</strong></span> <span class='ocrx_word' id='word_1_115' title='bbox 384 1013 410 1058; x_wconf 88' lang='lat' dir='ltr'><strong>in</strong></span> <span class='ocrx_word' id='word_1_116' title='bbox 425 1011 528 1075; x_wconf 74' lang='lat' dir='ltr'><strong>epilogo</strong></span> <span class='ocrx_word' id='word_1_117' title='bbox 546 1010 624 1058; x_wconf 89' lang='lat' dir='ltr'><strong>ullam</strong></span> <span class='ocrx_word' id='word_1_118' title='bbox 642 1011 795 1058; x_wconf 74' lang='lat' dir='ltr'><strong>mentionem</strong></span> <span class='ocrx_word' id='word_1_119' title='bbox 813 1010 886 1058; x_wconf 78' lang='lat' dir='ltr'><strong>lieri?</strong></span> <span class='ocrx_word' id='word_1_120' title='bbox 903 1026 983 1072; x_wconf 82' lang='lat' dir='ltr'><strong>quare</strong></span> <span class='ocrx_word' id='word_1_121' title='bbox 997 1010 1137 1061; x_wconf 78' lang='lat' dir='ltr'><strong>debuitillo</strong></span> 
     </span>
     <span class='ocr_line' id='line_1_13' title="bbox 121 1077 1137 1143; baseline 0.005 -19"><span class='ocrx_word' id='word_1_122' title='bbox 121 1077 177 1126; x_wconf 88' lang='lat' dir='ltr'><strong>ioco</strong></span> <span class='ocrx_word' id='word_1_123' title='bbox 196 1078 277 1139; x_wconf 87' lang='lat' dir='ltr'><strong>quinti</strong></span> <span class='ocrx_word' id='word_1_124' title='bbox 295 1077 352 1127; x_wconf 89' lang='lat' dir='ltr'><strong>libri</strong></span> <span class='ocrx_word' id='word_1_125' title='bbox 367 1093 487 1127; x_wconf 87' lang='lat' dir='ltr'><strong>numerus</strong></span> <span class='ocrx_word' id='word_1_126' title='bbox 506 1080 567 1143; x_wconf 90' lang='lat' dir='ltr'><strong>poni</strong></span> <span class='ocrx_word' id='word_1_127' title='bbox 591 1092 615 1128; x_wconf 90' lang='lat' dir='ltr'><strong>et</strong></span> <span class='ocrx_word' id='word_1_128' title='bbox 637 1079 759 1142; x_wconf 84' lang='lat' dir='ltr'><strong>deinceps</strong></span> <span class='ocrx_word' id='word_1_129' title='bbox 775 1081 935 1140; x_wconf 83' lang='lat' dir='ltr'><strong>sequentinm</strong></span> <span class='ocrx_word' id='word_1_130' title='bbox 953 1080 1079 1129; x_wconf 84' lang='lat' dir='ltr'><strong>librorum</strong></span> <span class='ocrx_word' id='word_1_131' title='bbox 1095 1095 1137 1129; x_wconf 86' lang='lat' dir='ltr'><strong>nn·</strong></span> 
     </span>
     <span class='ocr_line' id='line_1_14' title="bbox 123 1147 1137 1212; baseline 0.004 -18"><span class='ocrx_word' id='word_1_132' title='bbox 123 1147 186 1195; x_wconf 90' lang='lat' dir='ltr'><strong>meri</strong></span> <span class='ocrx_word' id='word_1_133' title='bbox 201 1149 307 1199; x_wconf 81' lang='lat' dir='ltr'><strong>mutari.</strong></span> <span class='ocrx_word' id='word_1_134' title='bbox 327 1147 397 1208; x_wconf 87' lang='lat' dir='ltr'><strong>quod</strong></span> <span class='ocrx_word' id='word_1_135' title='bbox 413 1163 476 1212; x_wconf 88' lang='lat' dir='ltr'><strong>ego.</strong></span> <span class='ocrx_word' id='word_1_136' title='bbox 495 1163 527 1196; x_wconf 89' lang='lat' dir='ltr'><strong>ue</strong></span> <span class='ocrx_word' id='word_1_137' title='bbox 542 1149 617 1196; x_wconf 86' lang='lat' dir='ltr'><strong>nimis</strong></span> <span class='ocrx_word' id='word_1_138' title='bbox 632 1163 648 1195; x_wconf 88' lang='lat' dir='ltr'><strong>a</strong></span> <span class='ocrx_word' id='word_1_139' title='bbox 666 1147 769 1211; x_wconf 82' lang='lat' dir='ltr'><strong>rulgato</strong></span> <span class='ocrx_word' id='word_1_140' title='bbox 784 1163 854 1196; x_wconf 89' lang='lat' dir='ltr'><strong>more</strong></span> <span class='ocrx_word' id='word_1_141' title='bbox 873 1148 1036 1205; x_wconf 82' lang='lat' dir='ltr'><strong>recederem,</strong></span> <span class='ocrx_word' id='word_1_142' title='bbox 1056 1148 1137 1198; x_wconf 76' lang='lat' dir='ltr'><strong>lacere</strong></span> 
     </span>
     <span class='ocr_line' id='line_1_15' title="bbox 121 1215 1136 1281; baseline 0.002 -18"><span class='ocrx_word' id='word_1_143' title='bbox 121 1215 263 1279; x_wconf 85' lang='lat' dir='ltr'><strong>supersedi.</strong></span> <span class='ocrx_word' id='word_1_144' title='bbox 298 1215 396 1266; x_wconf 84' lang='lat' dir='ltr'><strong>Deinde</strong></span> <span class='ocrx_word' id='word_1_145' title='bbox 414 1217 472 1265; x_wconf 90' lang='lat' dir='ltr'><strong>libri</strong></span> <span class='ocrx_word' id='word_1_146' title='bbox 485 1216 517 1265; x_wconf 65' lang='grc' dir='ltr'><strong>ι’.</strong></span> <span class='ocrx_word' id='word_1_147' title='bbox 540 1216 723 1281; x_wconf 82' lang='lat' dir='ltr'><strong>praelationem</strong></span> <span class='ocrx_word' id='word_1_148' title='bbox 740 1219 862 1265; x_wconf 80' lang='lat' dir='ltr'><strong>amissam</strong></span> <span class='ocrx_word' id='word_1_149' title='bbox 880 1230 937 1264; x_wconf 78' lang='lat' dir='ltr'><strong>esee</strong></span> <span class='ocrx_word' id='word_1_150' title='bbox 955 1217 1078 1271; x_wconf 84' lang='lat' dir='ltr'><strong>arbitror.</strong></span> <span class='ocrx_word' id='word_1_151' title='bbox 1096 1231 1136 1265; x_wconf 88' lang='lat' dir='ltr'><strong>ne·</strong></span> 
     </span>
     <span class='ocr_line' id='line_1_16' title="bbox 122 1284 1137 1347; baseline 0.002 -17"><span class='ocrx_word' id='word_1_152' title='bbox 122 1299 171 1346; x_wconf 88' lang='lat' dir='ltr'><strong>qtte</strong></span> <span class='ocrx_word' id='word_1_153' title='bbox 190 1284 216 1332; x_wconf 89' lang='lat' dir='ltr'><strong>id</strong></span> <span class='ocrx_word' id='word_1_154' title='bbox 234 1285 354 1333; x_wconf 87' lang='lat' dir='ltr'><strong>incertum</strong></span> <span class='ocrx_word' id='word_1_155' title='bbox 376 1287 494 1347; x_wconf 86' lang='lat' dir='ltr'><strong>cuiquam</strong></span> <span class='ocrx_word' id='word_1_156' title='bbox 518 1286 660 1343; x_wconf 82' lang='lat' dir='ltr'><strong>ridebitur,</strong></span> <span class='ocrx_word' id='word_1_157' title='bbox 682 1287 726 1346; x_wconf 84' lang='lat' dir='ltr'><strong>qui</strong></span> <span class='ocrx_word' id='word_1_158' title='bbox 749 1284 960 1335; x_wconf 80' lang='lat' dir='ltr'><strong>cousidenrerit.</strong></span> <span class='ocrx_word' id='word_1_159' title='bbox 983 1299 1063 1347; x_wconf 75' lang='lat' dir='ltr'><strong>qnam</strong></span> <span class='ocrx_word' id='word_1_160' title='bbox 1086 1293 1137 1333; x_wconf 83' lang='lat' dir='ltr'><strong>aln-</strong></span> 
     </span>
     <span class='ocr_line' id='line_1_17' title="bbox 123 1351 1136 1417; baseline 0.002 -17"><span class='ocrx_word' id='word_1_161' title='bbox 123 1353 195 1401; x_wconf 84' lang='lat' dir='ltr'><strong>diose</strong></span> <span class='ocrx_word' id='word_1_162' title='bbox 207 1351 304 1401; x_wconf 83' lang='lat' dir='ltr'><strong>Seneca</strong></span> <span class='ocrx_word' id='word_1_163' title='bbox 322 1369 352 1402; x_wconf 86' lang='lat' dir='ltr'><strong>ea</strong></span> <span class='ocrx_word' id='word_1_164' title='bbox 364 1363 467 1412; x_wconf 89' lang='lat' dir='ltr'><strong>tractet,</strong></span> <span class='ocrx_word' id='word_1_165' title='bbox 486 1370 552 1416; x_wconf 87' lang='lat' dir='ltr'><strong>quae</strong></span> <span class='ocrx_word' id='word_1_166' title='bbox 569 1355 603 1402; x_wconf 89' lang='lat' dir='ltr'><strong>ad</strong></span> <span class='ocrx_word' id='word_1_167' title='bbox 621 1369 674 1402; x_wconf 90' lang='lat' dir='ltr'><strong>rem</strong></span> <span class='ocrx_word' id='word_1_168' title='bbox 692 1355 848 1417; x_wconf 88' lang='lat' dir='ltr'><strong>propositam</strong></span> <span class='ocrx_word' id='word_1_169' title='bbox 864 1367 914 1401; x_wconf 90' lang='lat' dir='ltr'><strong>nou</strong></span> <span class='ocrx_word' id='word_1_170' title='bbox 928 1352 1006 1400; x_wconf 77' lang='lat' dir='ltr'><strong>nimie</strong></span> <span class='ocrx_word' id='word_1_171' title='bbox 1021 1366 1136 1402; x_wconf 66' lang='lat' dir='ltr'><strong>accasa-</strong></span> 
     </span>
     <span class='ocr_line' id='line_1_18' title="bbox 122 1420 1136 1486; baseline 0.001 -18"><span class='ocrx_word' id='word_1_172' title='bbox 122 1422 158 1468; x_wconf 90' lang='lat' dir='ltr'><strong>ria</strong></span> <span class='ocrx_word' id='word_1_173' title='bbox 177 1430 249 1475; x_wconf 84' lang='lat' dir='ltr'><strong>sunt.</strong></span> <span class='ocrx_word' id='word_1_174' title='bbox 266 1422 330 1470; x_wconf 87' lang='lat' dir='ltr'><strong>adeo</strong></span> <span class='ocrx_word' id='word_1_175' title='bbox 343 1431 371 1470; x_wconf 91' lang='lat' dir='ltr'><strong>ut</strong></span> <span class='ocrx_word' id='word_1_176' title='bbox 387 1423 469 1471; x_wconf 87' lang='lat' dir='ltr'><strong>rideri</strong></span> <span class='ocrx_word' id='word_1_177' title='bbox 486 1424 567 1486; x_wconf 81' lang='lat' dir='ltr'><strong>possit</strong></span> <span class='ocrx_word' id='word_1_178' title='bbox 589 1424 660 1486; x_wconf 88' lang='lat' dir='ltr'><strong>ipsos</strong></span> <span class='ocrx_word' id='word_1_179' title='bbox 676 1422 754 1470; x_wconf 82' lang='lat' dir='ltr'><strong>libros</strong></span> <span class='ocrx_word' id='word_1_180' title='bbox 770 1420 957 1485; x_wconf 84' lang='lat' dir='ltr'><strong>praefationum</strong></span> <span class='ocrx_word' id='word_1_181' title='bbox 981 1428 1009 1468; x_wconf 72' lang='lat' dir='ltr'><strong>et</strong></span> <span class='ocrx_word' id='word_1_182' title='bbox 1025 1421 1136 1485; x_wconf 81' lang='lat' dir='ltr'><strong>epilogo-</strong></span> 
     </span>
     <span class='ocr_line' id='line_1_19' title="bbox 121 1486 1135 1555; baseline 0.002 -19"><span class='ocrx_word' id='word_1_183' title='bbox 121 1504 178 1537; x_wconf 92' lang='lat' dir='ltr'><strong>rnm</strong></span> <span class='ocrx_word' id='word_1_184' title='bbox 198 1504 275 1537; x_wconf 87' lang='lat' dir='ltr'><strong>eausa</strong></span> <span class='ocrx_word' id='word_1_185' title='bbox 292 1492 436 1555; x_wconf 76' lang='lat' dir='ltr'><strong>scripsisse.</strong></span> <span class='ocrx_word' id='word_1_186' title='bbox 471 1489 585 1552; x_wconf 86' lang='lat' dir='ltr'><strong>Denique</strong></span> <span class='ocrx_word' id='word_1_187' title='bbox 602 1491 667 1538; x_wconf 90' lang='lat' dir='ltr'><strong>libro</strong></span> <span class='ocrx_word' id='word_1_188' title='bbox 679 1489 714 1537; x_wconf 75' lang='lat' dir='ltr'><strong>ti</strong></span> <span class='ocrx_word' id='word_1_189' title='bbox 726 1490 816 1539; x_wconf 84' lang='lat' dir='ltr'><strong>deesse</strong></span> <span class='ocrx_word' id='word_1_190' title='bbox 828 1488 939 1550; x_wconf 77' lang='lat' dir='ltr'><strong>aliquem</strong></span> <span class='ocrx_word' id='word_1_191' title='bbox 955 1486 1043 1537; x_wconf 84' lang='lat' dir='ltr'><strong>locum</strong></span> <span class='ocrx_word' id='word_1_192' title='bbox 1057 1504 1091 1538; x_wconf 81' lang='lat' dir='ltr'><strong>ex</strong></span> <span class='ocrx_word' id='word_1_193' title='bbox 1107 1503 1135 1537; x_wconf 88' lang='lat' dir='ltr'><strong>eo</strong></span> 
     </span>
     <span class='ocr_line' id='line_1_20' title="bbox 121 1556 1135 1621; baseline 0 -16"><span class='ocrx_word' id='word_1_194' title='bbox 121 1556 286 1621; x_wconf 76' lang='lat' dir='ltr'><strong>intelligitur,</strong></span> <span class='ocrx_word' id='word_1_195' title='bbox 305 1559 373 1620; x_wconf 91' lang='lat' dir='ltr'><strong>quod</strong></span> <span class='ocrx_word' id='word_1_196' title='bbox 390 1575 414 1606; x_wconf 84' lang='lat' dir='ltr'><strong>c.</strong></span> <span class='ocrx_word' id='word_1_197' title='bbox 434 1561 479 1607; x_wconf 79' lang='grc' dir='ltr'><strong>Η.</strong></span> <span class='ocrx_word' id='word_1_198' title='bbox 494 1561 511 1608; x_wconf 78' lang='lat'><strong>2</strong></span> <span class='ocrx_word' id='word_1_199' title='bbox 527 1570 633 1607; x_wconf 83' lang='lat' dir='ltr'><strong>testatur</strong></span> <span class='ocrx_word' id='word_1_200' title='bbox 653 1574 682 1606; x_wconf 80' lang='lat' dir='ltr'><strong>se</strong></span> <span class='ocrx_word' id='word_1_201' title='bbox 700 1573 802 1607; x_wconf 87' lang='lat' dir='ltr'><strong>eorum.</strong></span> <span class='ocrx_word' id='word_1_202' title='bbox 821 1559 914 1619; x_wconf 88' lang='lat' dir='ltr'><strong>quibus</strong></span> <span class='ocrx_word' id='word_1_203' title='bbox 928 1557 1031 1620; x_wconf 81' lang='lat' dir='ltr'><strong>placeat</strong></span> <span class='ocrx_word' id='word_1_204' title='bbox 1047 1566 1135 1605; x_wconf 87' lang='lat' dir='ltr'><strong>terram</strong></span> 
     </span>
     <span class='ocr_line' id='line_1_21' title="bbox 121 1626 1135 1688; baseline 0 -15"><span class='ocrx_word' id='word_1_205' title='bbox 121 1627 214 1674; x_wconf 85' lang='lat' dir='ltr'><strong>animal</strong></span> <span class='ocrx_word' id='word_1_206' title='bbox 243 1640 314 1683; x_wconf 84' lang='lat' dir='ltr'><strong>esse,</strong></span> <span class='ocrx_word' id='word_1_207' title='bbox 342 1630 491 1675; x_wconf 86' lang='lat' dir='ltr'><strong>sententiam</strong></span> <span class='ocrx_word' id='word_1_208' title='bbox 519 1641 743 1675; x_wconf 89' lang='lat' dir='ltr'><strong>commemorasse.</strong></span> <span class='ocrx_word' id='word_1_209' title='bbox 773 1626 841 1688; x_wconf 90' lang='lat' dir='ltr'><strong>quod</strong></span> <span class='ocrx_word' id='word_1_210' title='bbox 870 1628 991 1687; x_wconf 85' lang='lat' dir='ltr'><strong>quoniam</strong></span> <span class='ocrx_word' id='word_1_211' title='bbox 1023 1626 1086 1674; x_wconf 78' lang='lat' dir='ltr'><strong>dicit</strong></span> <span class='ocrx_word' id='word_1_212' title='bbox 1110 1639 1135 1673; x_wconf 86' lang='lat' dir='ltr'><strong>se</strong></span> 
     </span>
     <span class='ocr_line' id='line_1_22' title="bbox 120 1692 1134 1758; baseline 0.001 -17"><span class='ocrx_word' id='word_1_213' title='bbox 120 1692 220 1757; x_wconf 89' lang='lat' dir='ltr'><strong>paulo</strong></span> <span class='ocrx_word' id='word_1_214' title='bbox 239 1704 311 1740; x_wconf 89' lang='lat' dir='ltr'><strong>ante</strong></span> <span class='ocrx_word' id='word_1_215' title='bbox 328 1695 436 1753; x_wconf 79' lang='lat' dir='ltr'><strong>iecisse,</strong></span> <span class='ocrx_word' id='word_1_216' title='bbox 451 1694 520 1743; x_wconf 82' lang='lat' dir='ltr'><strong>credi</strong></span> <span class='ocrx_word' id='word_1_217' title='bbox 536 1709 585 1743; x_wconf 93' lang='lat' dir='ltr'><strong>non</strong></span> <span class='ocrx_word' id='word_1_218' title='bbox 602 1706 687 1758; x_wconf 86' lang='lat' dir='ltr'><strong>potest</strong></span> <span class='ocrx_word' id='word_1_219' title='bbox 701 1710 812 1743; x_wconf 90' lang='lat' dir='ltr'><strong>errorem</strong></span> <span class='ocrx_word' id='word_1_220' title='bbox 827 1710 885 1742; x_wconf 88' lang='lat' dir='ltr'><strong>eum</strong></span> <span class='ocrx_word' id='word_1_221' title='bbox 904 1709 961 1743; x_wconf 76' lang='lat' dir='ltr'><strong>asse</strong></span> <span class='ocrx_word' id='word_1_222' title='bbox 980 1693 1023 1742; x_wconf 87' lang='lat' dir='ltr'><strong>rel</strong></span> <span class='ocrx_word' id='word_1_223' title='bbox 1042 1708 1134 1742; x_wconf 87' lang='lat' dir='ltr'><strong>memo-</strong></span> 
     </span>
     <span class='ocr_line' id='line_1_23' title="bbox 122 1761 300 1823; baseline -0.011 -14"><span class='ocrx_word' id='word_1_224' title='bbox 122 1764 173 1809; x_wconf 86' lang='lat' dir='ltr'><strong>riae</strong></span> <span class='ocrx_word' id='word_1_225' title='bbox 190 1761 300 1823; x_wconf 82' lang='lat' dir='ltr'><strong>lapsam.</strong></span> 
     </span>
    </p>

    <p class='ocr_par' dir='ltr' id='par_1_3' title="bbox 117 1828 1136 3333">
     <span class='ocr_line' id='line_1_24' title="bbox 189 1828 1134 1891; baseline 0.001 -15"><span class='ocrx_word' id='word_1_226' title='bbox 189 1829 291 1876; x_wconf 84' lang='lat' dir='ltr'><strong>Praeter</strong></span> <span class='ocrx_word' id='word_1_227' title='bbox 315 1829 412 1891; x_wconf 77' lang='lat' dir='ltr'><strong>majora</strong></span> <span class='ocrx_word' id='word_1_228' title='bbox 432 1828 496 1878; x_wconf 85' lang='lat' dir='ltr'><strong>baec</strong></span> <span class='ocrx_word' id='word_1_229' title='bbox 518 1829 607 1879; x_wconf 85' lang='lat' dir='ltr'><strong>borum</strong></span> <span class='ocrx_word' id='word_1_230' title='bbox 630 1830 753 1879; x_wconf 86' lang='lat' dir='ltr'><strong>librorum</strong></span> <span class='ocrx_word' id='word_1_231' title='bbox 777 1832 928 1879; x_wconf 77' lang='lat' dir='ltr'><strong>detrimenta</strong></span> <span class='ocrx_word' id='word_1_232' title='bbox 951 1828 1033 1879; x_wconf 86' lang='lat' dir='ltr'><strong>multa</strong></span> <span class='ocrx_word' id='word_1_233' title='bbox 1052 1836 1093 1878; x_wconf 77' lang='lat' dir='ltr'><strong>est</strong></span> <span class='ocrx_word' id='word_1_234' title='bbox 1109 1829 1134 1877; x_wconf 91' lang='lat' dir='ltr'><strong>in</strong></span> 
     </span>
     <span class='ocr_line' id='line_1_25' title="bbox 123 1897 1134 1963; baseline -0.001 -18"><span class='ocrx_word' id='word_1_235' title='bbox 123 1898 205 1946; x_wconf 88' lang='lat' dir='ltr'><strong>rerbis</strong></span> <span class='ocrx_word' id='word_1_236' title='bbox 217 1897 326 1963; x_wconf 83' lang='lat' dir='ltr'><strong>singulis</strong></span> <span class='ocrx_word' id='word_1_237' title='bbox 344 1899 496 1946; x_wconf 88' lang='lat' dir='ltr'><strong>incertitudo</strong></span> <span class='ocrx_word' id='word_1_238' title='bbox 514 1910 539 1946; x_wconf 89' lang='lat' dir='ltr'><strong>et</strong></span> <span class='ocrx_word' id='word_1_239' title='bbox 551 1900 711 1963; x_wconf 74' lang='lat' dir='ltr'><strong>depravatio:</strong></span> <span class='ocrx_word' id='word_1_240' title='bbox 727 1901 843 1961; x_wconf 86' lang='lat' dir='ltr'><strong>namqui</strong></span> <span class='ocrx_word' id='word_1_241' title='bbox 864 1899 925 1947; x_wconf 89' lang='lat' dir='ltr'><strong>olim</strong></span> <span class='ocrx_word' id='word_1_242' title='bbox 943 1899 1062 1962; x_wconf 76' lang='lat' dir='ltr'><strong>usurpati</strong></span> <span class='ocrx_word' id='word_1_243' title='bbox 1076 1904 1134 1945; x_wconf 76' lang='lat' dir='ltr'><strong>suni</strong></span> 
     </span>
     <span class='ocr_line' id='line_1_26' title="bbox 119 1964 1132 2031; baseline 0.001 -17"><span class='ocrx_word' id='word_1_244' title='bbox 119 1966 221 2015; x_wconf 88' lang='lat' dir='ltr'><strong>codices</strong></span> <span class='ocrx_word' id='word_1_245' title='bbox 232 1966 400 2015; x_wconf 74' lang='lat' dir='ltr'><strong>Memmianus</strong></span> <span class='ocrx_word' id='word_1_246' title='bbox 417 1976 442 2014; x_wconf 86' lang='lat' dir='ltr'><strong>et</strong></span> <span class='ocrx_word' id='word_1_247' title='bbox 458 1965 645 2031; x_wconf 78' lang='lat' dir='ltr'><strong>Bongarsiauns</strong></span> <span class='ocrx_word' id='word_1_248' title='bbox 660 1978 684 2015; x_wconf 88' lang='lat' dir='ltr'><strong>et</strong></span> <span class='ocrx_word' id='word_1_249' title='bbox 699 1969 721 2016; x_wconf 87' lang='lat' dir='ltr'><strong>si</strong></span> <span class='ocrx_word' id='word_1_250' title='bbox 736 1970 780 2030; x_wconf 80' lang='lat' dir='ltr'><strong>qui</strong></span> <span class='ocrx_word' id='word_1_251' title='bbox 792 1968 837 2015; x_wconf 93' lang='lat' dir='ltr'><strong>alii</strong></span> <span class='ocrx_word' id='word_1_252' title='bbox 853 1967 954 2015; x_wconf 82' lang='lat' dir='ltr'><strong>fuemnt</strong></span> <span class='ocrx_word' id='word_1_253' title='bbox 971 1966 1014 2015; x_wconf 85' lang='lat' dir='ltr'><strong>bia</strong></span> <span class='ocrx_word' id='word_1_254' title='bbox 1028 1964 1132 2029; x_wconf 80' lang='lat' dir='ltr'><strong>similes,</strong></span> 
     </span>
     <span class='ocr_line' id='line_1_27' title="bbox 120 2035 1133 2098; baseline 0.001 -18"><span class='ocrx_word' id='word_1_255' title='bbox 120 2037 213 2083; x_wconf 85' lang='lat' dir='ltr'><strong>retusti</strong></span> <span class='ocrx_word' id='word_1_256' title='bbox 234 2045 259 2083; x_wconf 91' lang='lat' dir='ltr'><strong>et</strong></span> <span class='ocrx_word' id='word_1_257' title='bbox 279 2036 311 2083; x_wconf 87' lang='lat' dir='ltr'><strong>ab</strong></span> <span class='ocrx_word' id='word_1_258' title='bbox 333 2035 501 2098; x_wconf 79' lang='lat' dir='ltr'><strong>interpolaodi</strong></span> <span class='ocrx_word' id='word_1_259' title='bbox 520 2036 625 2085; x_wconf 84' lang='lat' dir='ltr'><strong>libidine</strong></span> <span class='ocrx_word' id='word_1_260' title='bbox 644 2038 785 2085; x_wconf 82' lang='lat' dir='ltr'><strong>immunes.</strong></span> <span class='ocrx_word' id='word_1_261' title='bbox 808 2049 896 2082; x_wconf 91' lang='lat' dir='ltr'><strong>eorum</strong></span> <span class='ocrx_word' id='word_1_262' title='bbox 920 2049 987 2084; x_wconf 88' lang='lat' dir='ltr'><strong>nunc</strong></span> <span class='ocrx_word' id='word_1_263' title='bbox 1008 2035 1093 2085; x_wconf 71' lang='lat' dir='ltr'><strong>turnis</strong></span> <span class='ocrx_word' id='word_1_264' title='bbox 1109 2041 1133 2082; x_wconf 79' lang='lat' dir='ltr'><strong>el</strong></span> 
     </span>
     <span class='ocr_line' id='line_1_28' title="bbox 119 2103 1131 2169; baseline 0.002 -19"><span class='ocrx_word' id='word_1_265' title='bbox 119 2104 241 2167; x_wconf 87' lang='lat' dir='ltr'><strong>ambigua</strong></span> <span class='ocrx_word' id='word_1_266' title='bbox 257 2105 379 2152; x_wconf 89' lang='lat' dir='ltr'><strong>memoria</strong></span> <span class='ocrx_word' id='word_1_267' title='bbox 397 2113 494 2162; x_wconf 78' lang='lat' dir='ltr'><strong>exstat;</strong></span> <span class='ocrx_word' id='word_1_268' title='bbox 512 2107 627 2169; x_wconf 79' lang='lat' dir='ltr'><strong>proxime</strong></span> <span class='ocrx_word' id='word_1_269' title='bbox 643 2105 678 2152; x_wconf 85' lang='lat' dir='ltr'><strong>ad</strong></span> <span class='ocrx_word' id='word_1_270' title='bbox 694 2105 742 2152; x_wconf 87' lang='lat' dir='ltr'><strong>bos</strong></span> <span class='ocrx_word' id='word_1_271' title='bbox 762 2103 861 2151; x_wconf 84' lang='lat' dir='ltr'><strong>aceedit</strong></span> <span class='ocrx_word' id='word_1_272' title='bbox 882 2104 938 2151; x_wconf 88' lang='lat' dir='ltr'><strong>cod.</strong></span> <span class='ocrx_word' id='word_1_273' title='bbox 955 2103 1131 2164; x_wconf 83' lang='lat' dir='ltr'><strong>Berolinensis‚</strong></span> 
     </span>
     <span class='ocr_line' id='line_1_29' title="bbox 119 2170 1131 2235; baseline 0.001 -17"><span class='ocrx_word' id='word_1_274' title='bbox 119 2186 170 2218; x_wconf 89' lang='lat' dir='ltr'><strong>sec.</strong></span> <span class='ocrx_word' id='word_1_275' title='bbox 187 2170 270 2230; x_wconf 66' lang='lat' dir='ltr'><strong>xm„</strong></span> <span class='ocrx_word' id='word_1_276' title='bbox 288 2173 332 2233; x_wconf 90' lang='lat' dir='ltr'><strong>qui</strong></span> <span class='ocrx_word' id='word_1_277' title='bbox 349 2186 501 2233; x_wconf 84' lang='lat' dir='ltr'><strong>quamquam</strong></span> <span class='ocrx_word' id='word_1_278' title='bbox 519 2182 558 2222; x_wconf 78' lang='lat' dir='ltr'><strong>est</strong></span> <span class='ocrx_word' id='word_1_279' title='bbox 576 2175 705 2235; x_wconf 90' lang='lat' dir='ltr'><strong>omniurn,</strong></span> <span class='ocrx_word' id='word_1_280' title='bbox 722 2185 788 2232; x_wconf 89' lang='lat' dir='ltr'><strong>qnos</strong></span> <span class='ocrx_word' id='word_1_281' title='bbox 802 2174 945 2220; x_wconf 82' lang='lat' dir='ltr'><strong>accuratius</strong></span> <span class='ocrx_word' id='word_1_282' title='bbox 963 2171 1070 2222; x_wconf 81' lang='lat' dir='ltr'><strong>collatos</strong></span> <span class='ocrx_word' id='word_1_283' title='bbox 1086 2170 1131 2219; x_wconf 88' lang='lat' dir='ltr'><strong>lta-</strong></span> 
     </span>
     <span class='ocr_line' id='line_1_30' title="bbox 118 2238 1130 2304; baseline 0 -17"><span class='ocrx_word' id='word_1_284' title='bbox 118 2240 222 2302; x_wconf 89' lang='lat' dir='ltr'><strong>bemns,</strong></span> <span class='ocrx_word' id='word_1_285' title='bbox 249 2240 323 2304; x_wconf 88' lang='lat' dir='ltr'><strong>longe</strong></span> <span class='ocrx_word' id='word_1_286' title='bbox 345 2241 469 2303; x_wconf 87' lang='lat' dir='ltr'><strong>optimus,</strong></span> <span class='ocrx_word' id='word_1_287' title='bbox 493 2250 521 2289; x_wconf 91' lang='grc' dir='ltr'><strong>ιιι</strong></span> <span class='ocrx_word' id='word_1_288' title='bbox 544 2244 568 2290; x_wconf 92' lang='lat' dir='ltr'><strong>ei</strong></span> <span class='ocrx_word' id='word_1_289' title='bbox 590 2242 680 2290; x_wconf 86' lang='lat' dir='ltr'><strong>merito</strong></span> <span class='ocrx_word' id='word_1_290' title='bbox 703 2238 850 2288; x_wconf 77' lang='lat' dir='ltr'><strong>afieketro</strong></span> <span class='ocrx_word' id='word_1_291' title='bbox 875 2255 975 2289; x_wconf 82' lang='lat' dir='ltr'><strong>summa</strong></span> <span class='ocrx_word' id='word_1_292' title='bbox 996 2240 1130 2291; x_wconf 82' lang='lat' dir='ltr'><strong>auctoritas</strong></span> 
     </span>
     <span class='ocr_line' id='line_1_31' title="bbox 118 2307 1130 2373; baseline 0 -18"><span class='ocrx_word' id='word_1_293' title='bbox 118 2308 257 2367; x_wconf 82' lang='lat' dir='ltr'><strong>tribuatur,</strong></span> <span class='ocrx_word' id='word_1_294' title='bbox 282 2317 366 2356; x_wconf 84' lang='lat' dir='ltr'><strong>lamen</strong></span> <span class='ocrx_word' id='word_1_295' title='bbox 390 2311 458 2358; x_wconf 91' lang='lat' dir='ltr'><strong>omni</strong></span> <span class='ocrx_word' id='word_1_296' title='bbox 476 2311 593 2359; x_wconf 85' lang='lat' dir='ltr'><strong>ritiorurn</strong></span> <span class='ocrx_word' id='word_1_297' title='bbox 609 2323 702 2373; x_wconf 83' lang='lat' dir='ltr'><strong>genere</strong></span> <span class='ocrx_word' id='word_1_298' title='bbox 719 2307 788 2356; x_wconf 89' lang='lat' dir='ltr'><strong>hand</strong></span> <span class='ocrx_word' id='word_1_299' title='bbox 802 2322 859 2356; x_wconf 81' lang='lat' dir='ltr'><strong>rau)</strong></span> <span class='ocrx_word' id='word_1_300' title='bbox 875 2309 993 2358; x_wconf 72' lang='lat' dir='ltr'><strong>foedatus</strong></span> <span class='ocrx_word' id='word_1_301' title='bbox 1005 2318 1058 2365; x_wconf 62' lang='lat' dir='ltr'><strong>esu</strong></span> <span class='ocrx_word' id='word_1_302' title='bbox 1073 2321 1130 2355; x_wconf 87' lang='lat' dir='ltr'><strong>nam</strong></span> 
     </span>
     <span class='ocr_line' id='line_1_32' title="bbox 118 2375 1130 2441; baseline -0.001 -18"><span class='ocrx_word' id='word_1_303' title='bbox 118 2386 217 2440; x_wconf 87' lang='lat' dir='ltr'><strong>praeter</strong></span> <span class='ocrx_word' id='word_1_304' title='bbox 234 2375 352 2425; x_wconf 82' lang='lat' dir='ltr'><strong>foliorum</strong></span> <span class='ocrx_word' id='word_1_305' title='bbox 364 2377 461 2439; x_wconf 80' lang='lat' dir='ltr'><strong>aliquot</strong></span> <span class='ocrx_word' id='word_1_306' title='bbox 479 2378 620 2435; x_wconf 79' lang='lat' dir='ltr'><strong>defectum,</strong></span> <span class='ocrx_word' id='word_1_307' title='bbox 644 2391 720 2438; x_wconf 90' lang='lat' dir='ltr'><strong>quem</strong></span> <span class='ocrx_word' id='word_1_308' title='bbox 735 2390 813 2439; x_wconf 86' lang='lat' dir='ltr'><strong>supra</strong></span> <span class='ocrx_word' id='word_1_309' title='bbox 832 2380 986 2441; x_wconf 80' lang='lat' dir='ltr'><strong>memonri,</strong></span> <span class='ocrx_word' id='word_1_310' title='bbox 1011 2384 1037 2427; x_wconf 79' lang='lat' dir='ltr'><strong>el</strong></span> <span class='ocrx_word' id='word_1_311' title='bbox 1050 2377 1130 2423; x_wconf 85' lang='lat' dir='ltr'><strong>mino·</strong></span> 
     </span>
     <span class='ocr_line' id='line_1_33' title="bbox 118 2442 1130 2509; baseline 0 -18"><span class='ocrx_word' id='word_1_312' title='bbox 118 2445 190 2493; x_wconf 88' lang='lat' dir='ltr'><strong>ribus</strong></span> <span class='ocrx_word' id='word_1_313' title='bbox 204 2443 301 2493; x_wconf 88' lang='lat' dir='ltr'><strong>lacunis</strong></span> <span class='ocrx_word' id='word_1_314' title='bbox 315 2445 427 2506; x_wconf 84' lang='lat' dir='ltr'><strong>laborat,</strong></span> <span class='ocrx_word' id='word_1_315' title='bbox 444 2448 555 2495; x_wconf 77' lang='lat' dir='ltr'><strong>maxime</strong></span> <span class='ocrx_word' id='word_1_316' title='bbox 572 2448 598 2493; x_wconf 91' lang='lat' dir='ltr'><strong>in</strong></span> <span class='ocrx_word' id='word_1_317' title='bbox 618 2445 663 2493; x_wconf 89' lang='lat' dir='ltr'><strong>lib.</strong></span> <span class='ocrx_word' id='word_1_318' title='bbox 682 2444 717 2492; x_wconf 75' lang='lat' dir='ltr'><strong>lv</strong></span> <span class='ocrx_word' id='word_1_319' title='bbox 734 2445 907 2508; x_wconf 83' lang='lat' dir='ltr'><strong>praelatione,</strong></span> <span class='ocrx_word' id='word_1_320' title='bbox 928 2455 953 2495; x_wconf 76' lang='lat' dir='ltr'><strong>et</strong></span> <span class='ocrx_word' id='word_1_321' title='bbox 973 2442 1130 2509; x_wconf 85' lang='lat' dir='ltr'><strong>singularum</strong></span> 
     </span>
     <span class='ocr_line' id='line_1_34' title="bbox 119 2511 1130 2579; baseline 0 -19"><span class='ocrx_word' id='word_1_322' title='bbox 119 2528 210 2562; x_wconf 84' lang='lat' dir='ltr'><strong>rocam</strong></span> <span class='ocrx_word' id='word_1_323' title='bbox 235 2516 429 2572; x_wconf 87' lang='lat' dir='ltr'><strong>omissionibus,</strong></span> <span class='ocrx_word' id='word_1_324' title='bbox 460 2529 526 2577; x_wconf 90' lang='lat' dir='ltr'><strong>quae</strong></span> <span class='ocrx_word' id='word_1_325' title='bbox 547 2513 766 2574; x_wconf 80' lang='lat' dir='ltr'><strong>frequentissimae</strong></span> <span class='ocrx_word' id='word_1_326' title='bbox 788 2523 847 2562; x_wconf 86' lang='lat' dir='ltr'><strong>sunt</strong></span> <span class='ocrx_word' id='word_1_327' title='bbox 872 2517 898 2562; x_wconf 90' lang='lat' dir='ltr'><strong>in</strong></span> <span class='ocrx_word' id='word_1_328' title='bbox 921 2526 994 2579; x_wconf 85' lang='lat' dir='ltr'><strong>parte</strong></span> <span class='ocrx_word' id='word_1_329' title='bbox 1016 2512 1076 2562; x_wconf 72' lang='lat' dir='ltr'><strong>lina</strong></span> <span class='ocrx_word' id='word_1_330' title='bbox 1089 2511 1130 2569; x_wconf 84' lang='lat'><strong>111,</strong></span> 
     </span>
     <span class='ocr_line' id='line_1_35' title="bbox 119 2580 1132 2648; baseline -0.001 -19"><span class='ocrx_word' id='word_1_331' title='bbox 119 2583 178 2630; x_wconf 87' lang='lat' dir='ltr'><strong>iude</strong></span> <span class='ocrx_word' id='word_1_332' title='bbox 196 2597 213 2630; x_wconf 85' lang='lat' dir='ltr'><strong>a</strong></span> <span class='ocrx_word' id='word_1_333' title='bbox 229 2599 251 2630; x_wconf 84' lang='lat' dir='ltr'><strong>c.</strong></span> <span class='ocrx_word' id='word_1_334' title='bbox 270 2585 313 2633; x_wconf 82' lang='lat'><strong>22.</strong></span> <span class='ocrx_word' id='word_1_335' title='bbox 338 2586 497 2648; x_wconf 86' lang='lat' dir='ltr'><strong>reperiuntur</strong></span> <span class='ocrx_word' id='word_1_336' title='bbox 516 2585 593 2631; x_wconf 89' lang='lat' dir='ltr'><strong>etiam</strong></span> <span class='ocrx_word' id='word_1_337' title='bbox 611 2580 760 2642; x_wconf 83' lang='lat' dir='ltr'><strong>aliquotiens</strong></span> <span class='ocrx_word' id='word_1_338' title='bbox 780 2582 937 2632; x_wconf 69' lang='lat' dir='ltr'><strong>librariorum</strong></span> <span class='ocrx_word' id='word_1_339' title='bbox 959 2583 1132 2634; x_wconf 73' lang='lat' dir='ltr'><strong>additamenta</strong></span> 
     </span>
     <span class='ocr_line' id='line_1_36' title="bbox 119 2650 1132 2716; baseline 0 -19"><span class='ocrx_word' id='word_1_340' title='bbox 119 2659 144 2698; x_wconf 85' lang='lat' dir='ltr'><strong>et</strong></span> <span class='ocrx_word' id='word_1_341' title='bbox 162 2653 258 2714; x_wconf 88' lang='lat' dir='ltr'><strong>passim</strong></span> <span class='ocrx_word' id='word_1_342' title='bbox 277 2653 322 2701; x_wconf 87' lang='lat' dir='ltr'><strong>alii</strong></span> <span class='ocrx_word' id='word_1_343' title='bbox 340 2667 439 2701; x_wconf 86' lang='lat' dir='ltr'><strong>errores</strong></span> <span class='ocrx_word' id='word_1_344' title='bbox 455 2652 538 2709; x_wconf 83' lang='lat' dir='ltr'><strong>rarii;</strong></span> <span class='ocrx_word' id='word_1_345' title='bbox 560 2650 675 2712; x_wconf 87' lang='lat' dir='ltr'><strong>ejusdem</strong></span> <span class='ocrx_word' id='word_1_346' title='bbox 693 2666 780 2699; x_wconf 86' lang='lat' dir='ltr'><strong>rursus</strong></span> <span class='ocrx_word' id='word_1_347' title='bbox 798 2653 854 2700; x_wconf 88' lang='lat' dir='ltr'><strong>libri</strong></span> <span class='ocrx_word' id='word_1_348' title='bbox 878 2654 903 2700; x_wconf 92' lang='lat' dir='ltr'><strong>in</strong></span> <span class='ocrx_word' id='word_1_349' title='bbox 921 2652 1038 2716; x_wconf 78' lang='lat' dir='ltr'><strong>plurimis</strong></span> <span class='ocrx_word' id='word_1_350' title='bbox 1051 2650 1132 2714; x_wconf 79' lang='lat' dir='ltr'><strong>parti·</strong></span> 
     </span>
     <span class='ocr_line' id='line_1_37' title="bbox 118 2719 1132 2785; baseline 0 -20"><span class='ocrx_word' id='word_1_351' title='bbox 118 2719 165 2766; x_wconf 85' lang='lat' dir='ltr'><strong>bus</strong></span> <span class='ocrx_word' id='word_1_352' title='bbox 179 2721 246 2768; x_wconf 86' lang='lat' dir='ltr'><strong>mira</strong></span> <span class='ocrx_word' id='word_1_353' title='bbox 264 2722 395 2785; x_wconf 81' lang='lat' dir='ltr'><strong>integritas</strong></span> <span class='ocrx_word' id='word_1_354' title='bbox 409 2729 448 2768; x_wconf 81' lang='lat' dir='ltr'><strong>cst</strong></span> <span class='ocrx_word' id='word_1_355' title='bbox 463 2727 539 2781; x_wconf 81' lang='lat' dir='ltr'><strong>atque</strong></span> <span class='ocrx_word' id='word_1_356' title='bbox 556 2719 582 2766; x_wconf 93' lang='lat' dir='ltr'><strong>in</strong></span> <span class='ocrx_word' id='word_1_357' title='bbox 597 2719 661 2780; x_wconf 89' lang='lat' dir='ltr'><strong>ipsis</strong></span> <span class='ocrx_word' id='word_1_358' title='bbox 674 2720 750 2767; x_wconf 90' lang='lat' dir='ltr'><strong>etiam</strong></span> <span class='ocrx_word' id='word_1_359' title='bbox 767 2721 836 2768; x_wconf 72' lang='lat' dir='ltr'><strong>ritiis</strong></span> <span class='ocrx_word' id='word_1_360' title='bbox 854 2719 1003 2784; x_wconf 87' lang='lat' dir='ltr'><strong>plerumque</strong></span> <span class='ocrx_word' id='word_1_361' title='bbox 1015 2719 1132 2784; x_wconf 84' lang='lat' dir='ltr'><strong>proxima</strong></span> 
     </span>
     <span class='ocr_line' id='line_1_38' title="bbox 119 2787 1133 2854; baseline 0 -21"><span class='ocrx_word' id='word_1_362' title='bbox 119 2801 176 2835; x_wconf 87' lang='lat' dir='ltr'><strong>cum</strong></span> <span class='ocrx_word' id='word_1_363' title='bbox 195 2790 300 2838; x_wconf 84' lang='lat' dir='ltr'><strong>reritate</strong></span> <span class='ocrx_word' id='word_1_364' title='bbox 315 2788 484 2838; x_wconf 75' lang='lat' dir='ltr'><strong>necessitudo.</strong></span> <span class='ocrx_word' id='word_1_365' title='bbox 519 2788 714 2835; x_wconf 76' lang='lat' dir='ltr'><strong>Diversissimus</strong></span> <span class='ocrx_word' id='word_1_366' title='bbox 729 2799 767 2836; x_wconf 88' lang='lat' dir='ltr'><strong>est</strong></span> <span class='ocrx_word' id='word_1_367' title='bbox 782 2789 840 2837; x_wconf 87' lang='lat' dir='ltr'><strong>cod.</strong></span> <span class='ocrx_word' id='word_1_368' title='bbox 861 2788 1070 2854; x_wconf 83' lang='lat' dir='ltr'><strong>Bambergensis,</strong></span> <span class='ocrx_word' id='word_1_369' title='bbox 1088 2787 1133 2848; x_wconf 83' lang='lat' dir='ltr'><strong>qui</strong></span> 
     </span>
     <span class='ocr_line' id='line_1_39' title="bbox 117 2853 1134 2921; baseline 0 -19"><span class='ocrx_word' id='word_1_370' title='bbox 117 2853 190 2904; x_wconf 91' lang='lat' dir='ltr'><strong>illurn</strong></span> <span class='ocrx_word' id='word_1_371' title='bbox 206 2868 288 2906; x_wconf 85' lang='lat' dir='ltr'><strong>aetate</strong></span> <span class='ocrx_word' id='word_1_372' title='bbox 306 2868 422 2921; x_wconf 83' lang='lat' dir='ltr'><strong>superat;</strong></span> <span class='ocrx_word' id='word_1_373' title='bbox 440 2855 520 2903; x_wconf 86' lang='lat' dir='ltr'><strong>seculi</strong></span> <span class='ocrx_word' id='word_1_374' title='bbox 538 2857 604 2904; x_wconf 90' lang='lat' dir='ltr'><strong>enim</strong></span> <span class='ocrx_word' id='word_1_375' title='bbox 619 2855 655 2904; x_wconf 82' lang='lat' dir='ltr'><strong>Xl</strong></span> <span class='ocrx_word' id='word_1_376' title='bbox 676 2871 733 2905; x_wconf 78' lang='lat' dir='ltr'><strong>asse</strong></span> <span class='ocrx_word' id='word_1_377' title='bbox 749 2857 905 2920; x_wconf 85' lang='lat' dir='ltr'><strong>perhibetur:</strong></span> <span class='ocrx_word' id='word_1_378' title='bbox 929 2868 1041 2907; x_wconf 87' lang='lat' dir='ltr'><strong>ceterum</strong></span> <span class='ocrx_word' id='word_1_379' title='bbox 1056 2854 1134 2904; x_wconf 85' lang='lat' dir='ltr'><strong>babet</strong></span> 
     </span>
     <span class='ocr_line' id='line_1_40' title="bbox 118 2921 1135 2990; baseline -0.003 -18"><span class='ocrx_word' id='word_1_380' title='bbox 118 2921 229 2974; x_wconf 84' lang='lat' dir='ltr'><strong>Senecae</strong></span> <span class='ocrx_word' id='word_1_381' title='bbox 247 2926 324 2974; x_wconf 83' lang='lat' dir='ltr'><strong>libros</strong></span> <span class='ocrx_word' id='word_1_382' title='bbox 339 2927 448 2989; x_wconf 90' lang='lat' dir='ltr'><strong>primum</strong></span> <span class='ocrx_word' id='word_1_383' title='bbox 463 2925 496 2972; x_wconf 92' lang='lat' dir='ltr'><strong>ab</strong></span> <span class='ocrx_word' id='word_1_384' title='bbox 510 2924 596 2985; x_wconf 88' lang='lat' dir='ltr'><strong>aliquo</strong></span> <span class='ocrx_word' id='word_1_385' title='bbox 613 2924 682 2973; x_wconf 85' lang='lat' dir='ltr'><strong>band</strong></span> <span class='ocrx_word' id='word_1_386' title='bbox 704 2926 805 2975; x_wconf 86' lang='lat' dir='ltr'><strong>indocto</strong></span> <span class='ocrx_word' id='word_1_387' title='bbox 820 2925 922 2974; x_wconf 86' lang='lat' dir='ltr'><strong>homine</strong></span> <span class='ocrx_word' id='word_1_388' title='bbox 939 2925 1093 2990; x_wconf 76' lang='lat' dir='ltr'><strong>grauissime</strong></span> <span class='ocrx_word' id='word_1_389' title='bbox 1108 2934 1135 2970; x_wconf 87' lang='lat' dir='ltr'><strong>et</strong></span> 
     </span>
     <span class='ocr_line' id='line_1_41' title="bbox 117 2991 1134 3059; baseline 0.005 -19"><span class='ocrx_word' id='word_1_390' title='bbox 117 2993 287 3043; x_wconf 84' lang='lat' dir='ltr'><strong>audacissime</strong></span> <span class='ocrx_word' id='word_1_391' title='bbox 304 2991 483 3056; x_wconf 78' lang='lat' dir='ltr'><strong>interpolatos,</strong></span> <span class='ocrx_word' id='word_1_392' title='bbox 503 2993 593 3041; x_wconf 86' lang='lat' dir='ltr'><strong>deinde</strong></span> <span class='ocrx_word' id='word_1_393' title='bbox 612 2995 688 3042; x_wconf 88' lang='lat' dir='ltr'><strong>etlam</strong></span> <span class='ocrx_word' id='word_1_394' title='bbox 704 2995 853 3058; x_wconf 77' lang='lat' dir='ltr'><strong>vulgaribus</strong></span> <span class='ocrx_word' id='word_1_395' title='bbox 865 2994 1025 3044; x_wconf 85' lang='lat' dir='ltr'><strong>librariorum</strong></span> <span class='ocrx_word' id='word_1_396' title='bbox 1041 3006 1134 3059; x_wconf 66' lang='lat' dir='ltr'><strong>pecw-</strong></span> 
     </span>
     <span class='ocr_line' id='line_1_42' title="bbox 119 3061 1134 3127; baseline 0.001 -19"><span class='ocrx_word' id='word_1_397' title='bbox 119 3063 152 3110; x_wconf 88' lang='lat' dir='ltr'><strong>tis</strong></span> <span class='ocrx_word' id='word_1_398' title='bbox 169 3072 315 3127; x_wconf 86' lang='lat' dir='ltr'><strong>corruptos;</strong></span> <span class='ocrx_word' id='word_1_399' title='bbox 340 3075 388 3108; x_wconf 83' lang='lat' dir='ltr'><strong>nec</strong></span> <span class='ocrx_word' id='word_1_400' title='bbox 402 3069 486 3108; x_wconf 84' lang='lat' dir='ltr'><strong>tamen</strong></span> <span class='ocrx_word' id='word_1_401' title='bbox 501 3061 591 3110; x_wconf 89' lang='lat' dir='ltr'><strong>desunt</strong></span> <span class='ocrx_word' id='word_1_402' title='bbox 615 3063 732 3126; x_wconf 85' lang='lat' dir='ltr'><strong>exempla</strong></span> <span class='ocrx_word' id='word_1_403' title='bbox 749 3065 888 3127; x_wconf 86' lang='lat' dir='ltr'><strong>scripturae</strong></span> <span class='ocrx_word' id='word_1_404' title='bbox 909 3079 942 3112; x_wconf 82' lang='lat' dir='ltr'><strong>ex</strong></span> <span class='ocrx_word' id='word_1_405' title='bbox 959 3064 1046 3127; x_wconf 88' lang='lat' dir='ltr'><strong>aliquo</strong></span> <span class='ocrx_word' id='word_1_406' title='bbox 1061 3073 1134 3110; x_wconf 82' lang='lat' dir='ltr'><strong>retu·</strong></span> 
     </span>
     <span class='ocr_line' id='line_1_43' title="bbox 117 3128 1134 3198; baseline 0 -20"><span class='ocrx_word' id='word_1_407' title='bbox 117 3131 194 3179; x_wconf 87' lang='lat' dir='ltr'><strong>stiore</strong></span> <span class='ocrx_word' id='word_1_408' title='bbox 212 3140 237 3179; x_wconf 88' lang='lat' dir='ltr'><strong>et</strong></span> <span class='ocrx_word' id='word_1_409' title='bbox 253 3133 353 3193; x_wconf 74' lang='lat' dir='ltr'><strong>integro</strong></span> <span class='ocrx_word' id='word_1_410' title='bbox 368 3128 432 3177; x_wconf 91' lang='lat' dir='ltr'><strong>libro</strong></span> <span class='ocrx_word' id='word_1_411' title='bbox 448 3140 615 3194; x_wconf 84' lang='lat' dir='ltr'><strong>propagatae:</strong></span> <span class='ocrx_word' id='word_1_412' title='bbox 640 3146 719 3193; x_wconf 88' lang='lat' dir='ltr'><strong>quare</strong></span> <span class='ocrx_word' id='word_1_413' title='bbox 742 3146 842 3181; x_wconf 85' lang='lat' dir='ltr'><strong>summa</strong></span> <span class='ocrx_word' id='word_1_414' title='bbox 864 3133 981 3182; x_wconf 85' lang='lat' dir='ltr'><strong>cautione</strong></span> <span class='ocrx_word' id='word_1_415' title='bbox 998 3147 1066 3198; x_wconf 84' lang='lat' dir='ltr'><strong>opus</strong></span> <span class='ocrx_word' id='word_1_416' title='bbox 1085 3137 1134 3187; x_wconf 86' lang='lat' dir='ltr'><strong>est,</strong></span> 
     </span>
     <span class='ocr_line' id='line_1_44' title="bbox 118 3198 1135 3265; baseline 0.003 -20"><span class='ocrx_word' id='word_1_417' title='bbox 118 3213 150 3246; x_wconf 87' lang='lat' dir='ltr'><strong>ue</strong></span> <span class='ocrx_word' id='word_1_418' title='bbox 168 3209 212 3247; x_wconf 89' lang='lat' dir='ltr'><strong>aut</strong></span> <span class='ocrx_word' id='word_1_419' title='bbox 226 3213 293 3261; x_wconf 82' lang='lat' dir='ltr'><strong>quae</strong></span> <span class='ocrx_word' id='word_1_420' title='bbox 310 3198 392 3261; x_wconf 85' lang='lat' dir='ltr'><strong>probo</strong></span> <span class='ocrx_word' id='word_1_421' title='bbox 402 3207 474 3253; x_wconf 89' lang='lat' dir='ltr'><strong>sunt.</strong></span> <span class='ocrx_word' id='word_1_422' title='bbox 489 3200 615 3247; x_wconf 88' lang='lat' dir='ltr'><strong>immerito</strong></span> <span class='ocrx_word' id='word_1_423' title='bbox 632 3200 797 3261; x_wconf 87' lang='lat' dir='ltr'><strong>damnentur,</strong></span> <span class='ocrx_word' id='word_1_424' title='bbox 813 3212 857 3249; x_wconf 88' lang='lat' dir='ltr'><strong>aut</strong></span> <span class='ocrx_word' id='word_1_425' title='bbox 875 3215 939 3262; x_wconf 87' lang='lat' dir='ltr'><strong>qnae</strong></span> <span class='ocrx_word' id='word_1_426' title='bbox 954 3204 1072 3265; x_wconf 85' lang='lat' dir='ltr'><strong>speciose</strong></span> <span class='ocrx_word' id='word_1_427' title='bbox 1089 3213 1135 3248; x_wconf 83' lang='lat' dir='ltr'><strong>ex·</strong></span> 
     </span>
     <span class='ocr_line' id='line_1_45' title="bbox 118 3265 1136 3333; baseline 0.003 -20"><span class='ocrx_word' id='word_1_428' title='bbox 118 3269 241 3330; x_wconf 70' lang='lat' dir='ltr'><strong>eogimrit</strong></span> <span class='ocrx_word' id='word_1_429' title='bbox 262 3265 393 3323; x_wconf 60' lang='lat' dir='ltr'><strong>faladus,</strong></span> <span class='ocrx_word' id='word_1_430' title='bbox 417 3281 464 3330; x_wconf 89' lang='lat' dir='ltr'><strong>pro</strong></span> <span class='ocrx_word' id='word_1_431' title='bbox 482 3269 548 3315; x_wconf 87' lang='lat' dir='ltr'><strong>reris</strong></span> <span class='ocrx_word' id='word_1_432' title='bbox 566 3269 612 3317; x_wconf 89' lang='lat' dir='ltr'><strong>tibi</strong></span> <span class='ocrx_word' id='word_1_433' title='bbox 630 3270 769 3333; x_wconf 85' lang='lat' dir='ltr'><strong>imponant.</strong></span> <span class='ocrx_word' id='word_1_434' title='bbox 804 3271 831 3318; x_wconf 90' lang='lat' dir='ltr'><strong>ln</strong></span> <span class='ocrx_word' id='word_1_435' title='bbox 847 3280 916 3318; x_wconf 86' lang='lat' dir='ltr'><strong>tanta</strong></span> <span class='ocrx_word' id='word_1_436' title='bbox 931 3270 1065 3320; x_wconf 81' lang='lat' dir='ltr'><strong>dubitandi</strong></span> <span class='ocrx_word' id='word_1_437' title='bbox 1082 3281 1136 3316; x_wconf 87' lang='lat' dir='ltr'><strong>ma·</strong></span> 
     </span>
    </p>
   </div>
   <div class='ocr_carea' id='block_1_3' title="bbox 116 3332 1137 3540">
    <p class='ocr_par' dir='ltr' id='par_1_4' title="bbox 116 3332 1137 3540">
     <span class='ocr_line' id='line_1_46' title="bbox 117 3332 1137 3403; baseline 0.006 -23"><span class='ocrx_word' id='word_1_438' title='bbox 117 3336 197 3394; x_wconf 85' lang='lat' dir='ltr'><strong>teria,</strong></span> <span class='ocrx_word' id='word_1_439' title='bbox 218 3350 296 3396; x_wconf 87' lang='lat' dir='ltr'><strong>qnam</strong></span> <span class='ocrx_word' id='word_1_440' title='bbox 320 3336 370 3384; x_wconf 89' lang='lat' dir='ltr'><strong>dno</strong></span> <span class='ocrx_word' id='word_1_441' title='bbox 390 3332 418 3383; x_wconf 88' lang='lat' dir='ltr'><strong>hi</strong></span> <span class='ocrx_word' id='word_1_442' title='bbox 436 3335 536 3384; x_wconf 84' lang='lat' dir='ltr'><strong>codices</strong></span> <span class='ocrx_word' id='word_1_443' title='bbox 559 3337 694 3400; x_wconf 89' lang='lat' dir='ltr'><strong>diligenter</strong></span> <span class='ocrx_word' id='word_1_444' title='bbox 712 3339 776 3387; x_wconf 86' lang='lat' dir='ltr'><strong>iuter</strong></span> <span class='ocrx_word' id='word_1_445' title='bbox 798 3353 826 3387; x_wconf 88' lang='lat' dir='ltr'><strong>se</strong></span> <span class='ocrx_word' id='word_1_446' title='bbox 845 3341 984 3401; x_wconf 87' lang='lat' dir='ltr'><strong>comparati</strong></span> <span class='ocrx_word' id='word_1_447' title='bbox 1003 3339 1137 3403; x_wconf 75' lang='lat' dir='ltr'><strong>praebent,</strong></span> 
     </span>
     <span class='ocr_line' id='line_1_47' title="bbox 116 3403 1136 3465; baseline 0.007 -15"><span class='ocrx_word' id='word_1_448' title='bbox 116 3415 175 3451; x_wconf 81' lang='lat' dir='ltr'><strong>raro</strong></span> <span class='ocrx_word' id='word_1_449' title='bbox 192 3403 298 3461; x_wconf 88' lang='lat' dir='ltr'><strong>accidit,</strong></span> <span class='ocrx_word' id='word_1_450' title='bbox 324 3412 352 3452; x_wconf 85' lang='grc' dir='ltr'><strong>ιιι</strong></span> <span class='ocrx_word' id='word_1_451' title='bbox 374 3405 399 3452; x_wconf 88' lang='lat' dir='ltr'><strong>in</strong></span> <span class='ocrx_word' id='word_1_452' title='bbox 423 3403 527 3465; x_wconf 89' lang='lat' dir='ltr'><strong>reliquis</strong></span> <span class='ocrx_word' id='word_1_453' title='bbox 545 3406 675 3454; x_wconf 87' lang='lat' dir='ltr'><strong>codicibus</strong></span> <span class='ocrx_word' id='word_1_454' title='bbox 697 3408 880 3455; x_wconf 87' lang='lat' dir='ltr'><strong>recentioribus</strong></span> <span class='ocrx_word' id='word_1_455' title='bbox 900 3407 961 3456; x_wconf 89' lang='lat' dir='ltr'><strong>boni</strong></span> <span class='ocrx_word' id='word_1_456' title='bbox 976 3408 1079 3457; x_wconf 87' lang='lat' dir='ltr'><strong>consilii</strong></span> <span class='ocrx_word' id='word_1_457' title='bbox 1092 3422 1136 3456; x_wconf 86' lang='lat' dir='ltr'><strong>co·</strong></span> 
     </span>
     <span class='ocr_line' id='line_1_48' title="bbox 127 3471 1136 3540; baseline 0.008 -22"><span class='ocrx_word' id='word_1_458' title='bbox 127 3471 186 3519; x_wconf 72' lang='lat' dir='ltr'><strong>siam</strong></span> <span class='ocrx_word' id='word_1_459' title='bbox 208 3475 371 3522; x_wconf 78' lang='lat' dir='ltr'><strong>nanciscaris.</strong></span> <span class='ocrx_word' id='word_1_460' title='bbox 407 3473 515 3523; x_wconf 86' lang='lat' dir='ltr'><strong>Proinde</strong></span> <span class='ocrx_word' id='word_1_461' title='bbox 533 3475 595 3522; x_wconf 88' lang='lat' dir='ltr'><strong>satis</strong></span> <span class='ocrx_word' id='word_1_462' title='bbox 612 3489 736 3538; x_wconf 89' lang='lat' dir='ltr'><strong>apparere</strong></span> <span class='ocrx_word' id='word_1_463' title='bbox 753 3476 875 3535; x_wconf 89' lang='lat' dir='ltr'><strong>arbitror,</strong></span> <span class='ocrx_word' id='word_1_464' title='bbox 898 3489 949 3524; x_wconf 91' lang='lat' dir='ltr'><strong>uon</strong></span> <span class='ocrx_word' id='word_1_465' title='bbox 972 3491 1050 3540; x_wconf 83' lang='lat' dir='ltr'><strong>posse</strong></span> <span class='ocrx_word' id='word_1_466' title='bbox 1068 3490 1136 3526; x_wconf 81' lang='lat' dir='ltr'><strong>nnnc</strong></span> 
     </span>
    </p>
   </div>
   <div class='ocr_carea' id='block_1_4' title="bbox 0 0 1186 3840">
    <p class='ocr_par' dir='ltr' id='par_1_5' title="bbox 0 0 1186 3840">
     <span class='ocr_line' id='line_1_49' title="bbox 0 0 1186 3840; baseline 0 0"><span class='ocrx_word' id='word_1_467' title='bbox 0 0 1186 3840; x_wconf 95' lang='lat' dir='ltr'><strong> </strong></span> 
     </span>
    </p>
   </div>
  </div>
 </body>
</html>
