<?xml version="1.0" encoding="UTF-8"?>
<!DOCTYPE html PUBLIC "-//W3C//DTD XHTML 1.0 Transitional//EN"
    "http://www.w3.org/TR/xhtml1/DTD/xhtml1-transitional.dtd">
<html xmlns="http://www.w3.org/1999/xhtml" xml:lang="en" lang="en">
 <head>
  <title>
</title>
<meta http-equiv="Content-Type" content="text/html;charset=utf-8" />
  <meta name='ocr-system' content='tesseract 3.04.00' />
  <meta name='ocr-capabilities' content='ocr_page ocr_carea ocr_par ocr_line ocrx_word'/>
</head>
<body>
  <div class='ocr_page' id='page_1' title='image "./lannaeisenecaeo01senegoog_0264.png"; bbox 0 0 2364 3840; ppageno 0'>
   <div class='ocr_carea' id='block_1_1' title="bbox 274 190 1064 264">
    <p class='ocr_par' dir='ltr' id='par_1_1' title="bbox 274 190 1064 264">
     <span class='ocr_line' id='line_1_1' title="bbox 274 190 1064 264; baseline 0.005 -14"><span class='ocrx_word' id='word_1_1' title='bbox 274 190 414 250; x_wconf 86' lang='lat' dir='ltr'><strong>NATUR.</strong></span> <span class='ocrx_word' id='word_1_2' title='bbox 431 190 592 264; x_wconf 81' lang='lat' dir='ltr'><strong>QUAEST.</strong></span> <span class='ocrx_word' id='word_1_3' title='bbox 615 191 687 253; x_wconf 90' lang='lat' dir='ltr'><strong>LlB.</strong></span> <span class='ocrx_word' id='word_1_4' title='bbox 701 191 749 249; x_wconf 87' lang='grc' dir='ltr'><strong>ΙΙΙ.</strong></span> <span class='ocrx_word' id='word_1_5' title='bbox 772 199 815 253; x_wconf 75' lang='lat'><strong>26.</strong></span> <span class='ocrx_word' id='word_1_6' title='bbox 830 199 873 254; x_wconf 77' lang='lat'><strong>27.</strong></span> <span class='ocrx_word' id='word_1_7' title='bbox 1001 191 1064 254; x_wconf 79' lang='lat'><strong>231</strong></span> 
     </span>
    </p>
   </div>
   <div class='ocr_carea' id='block_1_2' title="bbox 86 343 1139 3250">
    <p class='ocr_par' dir='ltr' id='par_1_2' title="bbox 86 343 1139 3250">
     <span class='ocr_line' id='line_1_2' title="bbox 89 343 1066 417; baseline 0 -12"><span class='ocrx_word' id='word_1_8' title='bbox 89 346 160 405; x_wconf 93' lang='lat' dir='ltr'><strong>dam</strong></span> <span class='ocrx_word' id='word_1_9' title='bbox 175 343 252 404; x_wconf 81' lang='lat' dir='ltr'><strong>loeis</strong></span> <span class='ocrx_word' id='word_1_10' title='bbox 268 345 368 405; x_wconf 83' lang='lat' dir='ltr'><strong>fontes</strong></span> <span class='ocrx_word' id='word_1_11' title='bbox 384 345 512 417; x_wconf 84' lang='lat' dir='ltr'><strong>iaciunt,</strong></span> <span class='ocrx_word' id='word_1_12' title='bbox 535 350 643 403; x_wconf 92' lang='lat' dir='ltr'><strong>utnon</strong></span> <span class='ocrx_word' id='word_1_13' title='bbox 659 349 773 403; x_wconf 86' lang='lat' dir='ltr'><strong>tantum</strong></span> <span class='ocrx_word' id='word_1_14' title='bbox 786 343 894 415; x_wconf 92' lang='lat' dir='ltr'><strong>lutum,</strong></span> <span class='ocrx_word' id='word_1_15' title='bbox 918 343 975 402; x_wconf 90' lang='lat' dir='ltr'><strong>sed</strong></span> <span class='ocrx_word' id='word_1_16' title='bbox 993 344 1066 405; x_wconf 86' lang='lat' dir='ltr'><strong>tolia</strong></span> 
     </span>
     <span class='ocr_line' id='line_1_3' title="bbox 88 425 1064 504; baseline -0.001 -16"><span class='ocrx_word' id='word_1_17' title='bbox 88 436 247 504; x_wconf 88' lang='lat' dir='ltr'><strong>testasque</strong></span> <span class='ocrx_word' id='word_1_18' title='bbox 267 434 298 486; x_wconf 91' lang='lat' dir='ltr'><strong>et</strong></span> <span class='ocrx_word' id='word_1_19' title='bbox 314 426 457 501; x_wconf 85' lang='lat' dir='ltr'><strong>quioquid</strong></span> <span class='ocrx_word' id='word_1_20' title='bbox 478 434 564 502; x_wconf 91' lang='lat' dir='ltr'><strong>putre</strong></span> <span class='ocrx_word' id='word_1_21' title='bbox 581 425 674 486; x_wconf 85' lang='lat' dir='ltr'><strong>iacuit</strong></span> <span class='ocrx_word' id='word_1_22' title='bbox 690 427 852 500; x_wconf 81' lang='lat' dir='ltr'><strong>expellant.</strong></span> <span class='ocrx_word' id='word_1_23' title='bbox 881 425 996 501; x_wconf 90' lang='lat' dir='ltr'><strong>ubique</strong></span> <span class='ocrx_word' id='word_1_24' title='bbox 1012 444 1064 487; x_wconf 87' lang='lat' dir='ltr'><strong>au·</strong></span> 
     </span>
     <span class='ocr_line' id='line_1_4' title="bbox 88 509 1064 585; baseline -0.003 -14"><span class='ocrx_word' id='word_1_25' title='bbox 88 519 150 572; x_wconf 95' lang='lat' dir='ltr'><strong>tem</strong></span> <span class='ocrx_word' id='word_1_26' title='bbox 172 511 244 570; x_wconf 84' lang='lat' dir='ltr'><strong>iacit</strong></span> <span class='ocrx_word' id='word_1_27' title='bbox 265 527 363 585; x_wconf 86' lang='lat' dir='ltr'><strong>mare,</strong></span> <span class='ocrx_word' id='word_1_28' title='bbox 387 509 473 570; x_wconf 89' lang='lat' dir='ltr'><strong>euius</strong></span> <span class='ocrx_word' id='word_1_29' title='bbox 496 511 572 570; x_wconf 86' lang='lat' dir='ltr'><strong>haee</strong></span> <span class='ocrx_word' id='word_1_30' title='bbox 590 518 698 570; x_wconf 91' lang='lat' dir='ltr'><strong>natura</strong></span> <span class='ocrx_word' id='word_1_31' title='bbox 711 517 772 584; x_wconf 88' lang='lat' dir='ltr'><strong>est,</strong></span> <span class='ocrx_word' id='word_1_32' title='bbox 796 517 828 572; x_wconf 93' lang='lat' dir='ltr'><strong>ut</strong></span> <span class='ocrx_word' id='word_1_33' title='bbox 842 525 931 569; x_wconf 89' lang='lat' dir='ltr'><strong>omne</strong></span> <span class='ocrx_word' id='word_1_34' title='bbox 946 511 1064 570; x_wconf 92' lang='lat' dir='ltr'><strong>inmun-</strong></span> 
     </span>
     <span class='ocr_line' id='line_1_5' title="bbox 90 594 1064 668; baseline 0 -14"><span class='ocrx_word' id='word_1_35' title='bbox 90 597 164 654; x_wconf 93' lang='lat' dir='ltr'><strong>dum</strong></span> <span class='ocrx_word' id='word_1_36' title='bbox 184 602 455 668; x_wconf 86' lang='lat' dir='ltr'><strong>stercorosumque</strong></span> <span class='ocrx_word' id='word_1_37' title='bbox 476 595 613 654; x_wconf 90' lang='lat' dir='ltr'><strong>litoribus</strong></span> <span class='ocrx_word' id='word_1_38' title='bbox 638 594 784 668; x_wconf 80' lang='lat' dir='ltr'>inpingat.</span> <span class='ocrx_word' id='word_1_39' title='bbox 818 594 969 668; x_wconf 82' lang='lat' dir='ltr'>quaedam</span> <span class='ocrx_word' id='word_1_40' title='bbox 990 610 1064 654; x_wconf 91' lang='lat' dir='ltr'><strong>vero</strong></span> 
     </span>
     <span class='ocr_line' id='line_1_6' title="bbox 89 676 1064 753; baseline -0.001 -16"><span class='ocrx_word' id='word_1_41' title='bbox 89 684 194 753; x_wconf 88' lang='lat' dir='ltr'><strong>partes</strong></span> <span class='ocrx_word' id='word_1_42' title='bbox 218 679 309 736; x_wconf 86' lang='lat' dir='ltr'><strong>maris</strong></span> <span class='ocrx_word' id='word_1_43' title='bbox 329 676 360 737; x_wconf 93' lang='lat' dir='ltr'><strong>id</strong></span> <span class='ocrx_word' id='word_1_44' title='bbox 382 678 473 736; x_wconf 85' lang='lat' dir='ltr'><strong>certis</strong></span> <span class='ocrx_word' id='word_1_45' title='bbox 489 677 676 752; x_wconf 79' lang='lat' dir='ltr'><strong>temporibus</strong></span> <span class='ocrx_word' id='word_1_46' title='bbox 693 677 820 750; x_wconf 80' lang='lat' dir='ltr'><strong>iaciunt,</strong></span> <span class='ocrx_word' id='word_1_47' title='bbox 841 684 875 737; x_wconf 90' lang='lat' dir='ltr'><strong>ut</strong></span> <span class='ocrx_word' id='word_1_48' title='bbox 889 677 969 737; x_wconf 85' lang='lat' dir='ltr'><strong>cirea</strong></span> <span class='ocrx_word' id='word_1_49' title='bbox 984 678 1064 736; x_wconf 89' lang='lat' dir='ltr'><strong>Mes-</strong></span> 
     </span>
     <span class='ocr_line' id='line_1_7' title="bbox 89 760 1066 838; baseline -0.001 -17"><span class='ocrx_word' id='word_1_50' title='bbox 89 777 197 821; x_wconf 80' lang='lat' dir='ltr'>sanam</span> <span class='ocrx_word' id='word_1_51' title='bbox 218 767 249 820; x_wconf 87' lang='lat' dir='ltr'><strong>et</strong></span> <span class='ocrx_word' id='word_1_52' title='bbox 267 760 367 838; x_wconf 82' lang='lat' dir='ltr'><strong>Mylas</strong></span> <span class='ocrx_word' id='word_1_53' title='bbox 394 761 465 820; x_wconf 88' lang='lat' dir='ltr'><strong>fimo</strong></span> <span class='ocrx_word' id='word_1_54' title='bbox 487 761 633 836; x_wconf 85' lang='lat' dir='ltr'>quiddam</span> <span class='ocrx_word' id='word_1_55' title='bbox 657 762 755 820; x_wconf 88' lang='lat' dir='ltr'><strong>simile</strong></span> <span class='ocrx_word' id='word_1_56' title='bbox 779 761 957 821; x_wconf 78' lang='lat' dir='ltr'><strong>turbulentis</strong></span> <span class='ocrx_word' id='word_1_57' title='bbox 980 764 1066 836; x_wconf 79' lang='lat' dir='ltr'><strong>aquis</strong></span> 
     </span>
     <span class='ocr_line' id='line_1_8' title="bbox 88 845 1065 919; baseline -0.001 -16"><span class='ocrx_word' id='word_1_58' title='bbox 88 859 173 903; x_wconf 89' lang='lat' dir='ltr'><strong>mare</strong></span> <span class='ocrx_word' id='word_1_59' title='bbox 189 845 304 918; x_wconf 76' lang='lat' dir='ltr'><strong>profert</strong></span> <span class='ocrx_word' id='word_1_60' title='bbox 318 845 477 919; x_wconf 85' lang='lat' dir='ltr'><strong>servetque</strong></span> <span class='ocrx_word' id='word_1_61' title='bbox 488 853 518 906; x_wconf 91' lang='lat' dir='ltr'><strong>et</strong></span> <span class='ocrx_word' id='word_1_62' title='bbox 528 853 688 905; x_wconf 77' lang='lat' dir='ltr'>exaestuat</span> <span class='ocrx_word' id='word_1_63' title='bbox 700 862 761 906; x_wconf 92' lang='lat' dir='ltr'><strong>non</strong></span> <span class='ocrx_word' id='word_1_64' title='bbox 774 845 841 904; x_wconf 88' lang='lat' dir='ltr'><strong>sine</strong></span> <span class='ocrx_word' id='word_1_65' title='bbox 854 846 950 906; x_wconf 91' lang='lat' dir='ltr'><strong>odore</strong></span> <span class='ocrx_word' id='word_1_66' title='bbox 963 845 1065 904; x_wconf 82' lang='lat' dir='ltr'><strong>foedo.</strong></span> 
     </span>
     <span class='ocr_line' id='line_1_9' title="bbox 88 927 1092 989; baseline 0 -1"><span class='ocrx_word' id='word_1_67' title='bbox 88 927 171 988; x_wconf 90' lang='lat' dir='ltr'><strong>uude</strong></span> <span class='ocrx_word' id='word_1_68' title='bbox 191 927 252 987; x_wconf 88' lang='lat' dir='ltr'><strong>illie</strong></span> <span class='ocrx_word' id='word_1_69' title='bbox 272 927 417 987; x_wconf 87' lang='lat' dir='ltr'><strong>stabulari</strong></span> <span class='ocrx_word' id='word_1_70' title='bbox 435 929 532 988; x_wconf 91' lang='lat' dir='ltr'><strong>boves</strong></span> <span class='ocrx_word' id='word_1_71' title='bbox 549 927 629 988; x_wconf 85' lang='lat' dir='ltr'><strong>Solis</strong></span> <span class='ocrx_word' id='word_1_72' title='bbox 646 929 748 989; x_wconf 84' lang='lat' dir='ltr'><strong>tabula</strong></span> <span class='ocrx_word' id='word_1_73' title='bbox 762 936 818 989; x_wconf 87' lang='lat' dir='ltr'><strong>est.</strong></span> <span class='ocrx_word' id='word_1_74' title='bbox 855 928 916 989; x_wconf 92' lang='lat' dir='ltr'><strong>Sed</strong></span> <span class='ocrx_word' id='word_1_75' title='bbox 933 929 1092 988; x_wconf 67' lang='lat' dir='ltr'><strong>difficilis&amp;</strong></span> 
     </span>
     <span class='ocr_line' id='line_1_10' title="bbox 87 1011 1065 1087; baseline 0.001 -17"><span class='ocrx_word' id='word_1_76' title='bbox 87 1011 166 1070; x_wconf 89' lang='lat' dir='ltr'><strong>ratio</strong></span> <span class='ocrx_word' id='word_1_77' title='bbox 181 1018 227 1070; x_wconf 89' lang='lat' dir='ltr'><strong>est</strong></span> <span class='ocrx_word' id='word_1_78' title='bbox 245 1012 461 1086; x_wconf 87' lang='lat' dir='ltr'><strong>quorumdam,</strong></span> <span class='ocrx_word' id='word_1_79' title='bbox 483 1011 587 1086; x_wconf 92' lang='lat' dir='ltr'><strong>utique</strong></span> <span class='ocrx_word' id='word_1_80' title='bbox 602 1012 654 1072; x_wconf 90' lang='lat' dir='ltr'><strong>ubl</strong></span> <span class='ocrx_word' id='word_1_81' title='bbox 665 1019 787 1086; x_wconf 90' lang='lat' dir='ltr'><strong>tempus</strong></span> <span class='ocrx_word' id='word_1_82' title='bbox 799 1013 865 1072; x_wconf 89' lang='lat' dir='ltr'><strong>eius</strong></span> <span class='ocrx_word' id='word_1_83' title='bbox 876 1012 935 1085; x_wconf 86' lang='lat' dir='ltr'><strong>rei,</strong></span> <span class='ocrx_word' id='word_1_84' title='bbox 952 1014 991 1073; x_wconf 90' lang='lat' dir='ltr'><strong>de</strong></span> <span class='ocrx_word' id='word_1_85' title='bbox 1005 1028 1065 1087; x_wconf 88' lang='lat' dir='ltr'><strong>qua</strong></span> 
     </span>
     <span class='ocr_line' id='line_1_11' title="bbox 89 1094 1066 1170; baseline 0.001 -17"><span class='ocrx_word' id='word_1_86' title='bbox 89 1094 254 1170; x_wconf 89' lang='lat' dir='ltr'><strong>quaeritur,</strong></span> <span class='ocrx_word' id='word_1_87' title='bbox 271 1094 498 1155; x_wconf 86' lang='lat' dir='ltr'><strong>inobservatum</strong></span> <span class='ocrx_word' id='word_1_88' title='bbox 511 1097 559 1154; x_wconf 85' lang='lat' dir='ltr'><strong>vel</strong></span> <span class='ocrx_word' id='word_1_89' title='bbox 572 1095 718 1155; x_wconf 81' lang='lat' dir='ltr'><strong>incertum</strong></span> <span class='ocrx_word' id='word_1_90' title='bbox 731 1103 787 1155; x_wconf 90' lang='lat' dir='ltr'><strong>est.</strong></span> <span class='ocrx_word' id='word_1_91' title='bbox 811 1096 914 1170; x_wconf 90' lang='lat' dir='ltr'><strong>itaque</strong></span> <span class='ocrx_word' id='word_1_92' title='bbox 926 1097 1066 1170; x_wconf 84' lang='lat' dir='ltr'><strong>proxima</strong></span> 
     </span>
     <span class='ocr_line' id='line_1_12' title="bbox 88 1177 1065 1252; baseline 0.001 -15"><span class='ocrx_word' id='word_1_93' title='bbox 88 1177 213 1252; x_wconf 90' lang='lat' dir='ltr'><strong>quidem</strong></span> <span class='ocrx_word' id='word_1_94' title='bbox 237 1179 363 1237; x_wconf 89' lang='lat' dir='ltr'><strong>inveniri</strong></span> <span class='ocrx_word' id='word_1_95' title='bbox 389 1194 484 1238; x_wconf 87' lang='lat' dir='ltr'><strong>eausa</strong></span> <span class='ocrx_word' id='word_1_96' title='bbox 508 1186 538 1238; x_wconf 94' lang='lat' dir='ltr'><strong>et</strong></span> <span class='ocrx_word' id='word_1_97' title='bbox 564 1178 663 1238; x_wconf 88' lang='lat' dir='ltr'><strong>vicina</strong></span> <span class='ocrx_word' id='word_1_98' title='bbox 691 1193 752 1237; x_wconf 93' lang='lat' dir='ltr'><strong>non</strong></span> <span class='ocrx_word' id='word_1_99' title='bbox 783 1186 892 1252; x_wconf 90' lang='lat' dir='ltr'><strong>potest.</strong></span> <span class='ocrx_word' id='word_1_100' title='bbox 931 1187 1065 1239; x_wconf 84' lang='lat' dir='ltr'><strong>ceterum</strong></span> 
     </span>
     <span class='ocr_line' id='line_1_13' title="bbox 88 1259 1066 1336; baseline 0 -16"><span class='ocrx_word' id='word_1_101' title='bbox 88 1259 213 1335; x_wconf 85' lang='lat' dir='ltr'><strong>publica</strong></span> <span class='ocrx_word' id='word_1_102' title='bbox 232 1268 279 1322; x_wconf 88' lang='lat' dir='ltr'><strong>est</strong></span> <span class='ocrx_word' id='word_1_103' title='bbox 295 1261 361 1320; x_wconf 86' lang='lat' dir='ltr'><strong>illa=</strong></span> <span class='ocrx_word' id='word_1_104' title='bbox 390 1261 489 1322; x_wconf 92' lang='lat' dir='ltr'><strong>omnis</strong></span> <span class='ocrx_word' id='word_1_105' title='bbox 505 1278 653 1336; x_wconf 87' lang='lat' dir='ltr'><strong>aquarum</strong></span> <span class='ocrx_word' id='word_1_106' title='bbox 671 1260 812 1320; x_wconf 88' lang='lat' dir='ltr'><strong>stantium</strong></span> <span class='ocrx_word' id='word_1_107' title='bbox 829 1262 1066 1336; x_wconf 85' lang='lat' dir='ltr'><strong>clausarumque</strong></span> 
     </span>
     <span class='ocr_line' id='line_1_14' title="bbox 86 1344 1064 1420; baseline 0 -17"><span class='ocrx_word' id='word_1_108' title='bbox 86 1350 195 1404; x_wconf 91' lang='lat' dir='ltr'><strong>natura</strong></span> <span class='ocrx_word' id='word_1_109' title='bbox 216 1360 251 1404; x_wconf 91' lang='lat' dir='ltr'><strong>se</strong></span> <span class='ocrx_word' id='word_1_110' title='bbox 273 1353 391 1420; x_wconf 89' lang='lat' dir='ltr'><strong>purgat.</strong></span> <span class='ocrx_word' id='word_1_111' title='bbox 419 1350 502 1417; x_wconf 91' lang='lat' dir='ltr'><strong>(nam</strong></span> <span class='ocrx_word' id='word_1_112' title='bbox 523 1348 552 1404; x_wconf 91' lang='lat' dir='ltr'><strong>in</strong></span> <span class='ocrx_word' id='word_1_113' title='bbox 573 1345 636 1418; x_wconf 89' lang='lat' dir='ltr'><strong>his,</strong></span> <span class='ocrx_word' id='word_1_114' title='bbox 662 1344 772 1419; x_wconf 89' lang='lat' dir='ltr'><strong>quibus</strong></span> <span class='ocrx_word' id='word_1_115' title='bbox 789 1360 900 1404; x_wconf 88' lang='lat' dir='ltr'><strong>cursus</strong></span> <span class='ocrx_word' id='word_1_116' title='bbox 918 1350 980 1418; x_wconf 92' lang='lat' dir='ltr'><strong>est,</strong></span> <span class='ocrx_word' id='word_1_117' title='bbox 1004 1361 1064 1404; x_wconf 95' lang='lat' dir='ltr'><strong>non</strong></span> 
     </span>
     <span class='ocr_line' id='line_1_15' title="bbox 88 1424 1065 1503; baseline -0.002 -16"><span class='ocrx_word' id='word_1_118' title='bbox 88 1435 220 1502; x_wconf 90' lang='lat' dir='ltr'><strong>possunt</strong></span> <span class='ocrx_word' id='word_1_119' title='bbox 239 1428 312 1488; x_wconf 90' lang='lat' dir='ltr'><strong>vitia</strong></span> <span class='ocrx_word' id='word_1_120' title='bbox 334 1429 518 1502; x_wconf 82' lang='lat' dir='ltr'><strong>consistere,</strong></span> <span class='ocrx_word' id='word_1_121' title='bbox 541 1424 620 1503; x_wconf 85' lang='lat' dir='ltr'><strong>quae</strong></span> <span class='ocrx_word' id='word_1_122' title='bbox 642 1429 778 1488; x_wconf 84' lang='lat' dir='ltr'><strong>secunda</strong></span> <span class='ocrx_word' id='word_1_123' title='bbox 793 1428 838 1486; x_wconf 91' lang='lat' dir='ltr'><strong>vis</strong></span> <span class='ocrx_word' id='word_1_124' title='bbox 855 1427 996 1488; x_wconf 76' lang='lat' dir='ltr'><strong>deterret</strong></span> <span class='ocrx_word' id='word_1_125' title='bbox 1011 1443 1065 1486; x_wconf 85' lang='lat' dir='ltr'><strong>ex·-</strong></span> 
     </span>
     <span class='ocr_line' id='line_1_16' title="bbox 87 1509 1064 1593; baseline -0.002 -23"><span class='ocrx_word' id='word_1_126' title='bbox 87 1513 213 1585; x_wconf 88' lang='lat' dir='ltr'><strong>portat.)</strong></span> <span class='ocrx_word' id='word_1_127' title='bbox 232 1509 316 1585; x_wconf 87' lang='lat' dir='ltr'><strong>illae,</strong></span> <span class='ocrx_word' id='word_1_128' title='bbox 340 1528 420 1585; x_wconf 86' lang='lat' dir='ltr'><strong>quae</strong></span> <span class='ocrx_word' id='word_1_129' title='bbox 435 1528 494 1571; x_wconf 94' lang='lat' dir='ltr'><strong>non</strong></span> <span class='ocrx_word' id='word_1_130' title='bbox 510 1513 648 1593; x_wconf 77' lang='lat' dir='ltr'><strong>emittunt</strong></span> <span class='ocrx_word' id='word_1_131' title='bbox 664 1511 811 1587; x_wconf 87' lang='lat' dir='ltr'><strong>quiequid</strong></span> <span class='ocrx_word' id='word_1_132' title='bbox 826 1511 951 1584; x_wconf 84' lang='lat' dir='ltr'><strong>insedit,</strong></span> <span class='ocrx_word' id='word_1_133' title='bbox 967 1511 1064 1585; x_wconf 84' lang='lat' dir='ltr'><strong>magis</strong></span> 
     </span>
     <span class='ocr_line' id='line_1_17' title="bbox 86 1593 1066 1669; baseline 0.001 -16"><span class='ocrx_word' id='word_1_134' title='bbox 86 1593 228 1654; x_wconf 88' lang='lat' dir='ltr'><strong>minusve</strong></span> <span class='ocrx_word' id='word_1_135' title='bbox 248 1602 398 1654; x_wconf 88' lang='lat' dir='ltr'><strong>aestuant.</strong></span> <span class='ocrx_word' id='word_1_136' title='bbox 433 1595 517 1655; x_wconf 90' lang='lat' dir='ltr'><strong>Mare</strong></span> <span class='ocrx_word' id='word_1_137' title='bbox 538 1613 612 1656; x_wconf 92' lang='lat' dir='ltr'><strong>vero</strong></span> <span class='ocrx_word' id='word_1_138' title='bbox 629 1597 780 1656; x_wconf 87' lang='lat' dir='ltr'><strong>cadavera</strong></span> <span class='ocrx_word' id='word_1_139' title='bbox 795 1602 1020 1669; x_wconf 86' lang='lat' dir='ltr'><strong>stramentaque</strong></span> <span class='ocrx_word' id='word_1_140' title='bbox 1035 1601 1066 1654; x_wconf 90' lang='lat' dir='ltr'><strong>et</strong></span> 
     </span>
     <span class='ocr_line' id='line_1_18' title="bbox 86 1677 1139 1753; baseline -0.002 -16"><span class='ocrx_word' id='word_1_141' title='bbox 86 1677 303 1751; x_wconf 83' lang='lat' dir='ltr'><strong>naufragorum</strong></span> <span class='ocrx_word' id='word_1_142' title='bbox 326 1679 444 1752; x_wconf 89' lang='lat' dir='ltr'><strong>reliqua</strong></span> <span class='ocrx_word' id='word_1_143' title='bbox 467 1679 576 1738; x_wconf 83' lang='lat' dir='ltr'><strong>similia</strong></span> <span class='ocrx_word' id='word_1_144' title='bbox 598 1695 636 1738; x_wconf 88' lang='lat' dir='ltr'><strong>ex</strong></span> <span class='ocrx_word' id='word_1_145' title='bbox 651 1679 754 1739; x_wconf 92' lang='lat' dir='ltr'><strong>intimo</strong></span> <span class='ocrx_word' id='word_1_146' title='bbox 772 1678 862 1738; x_wconf 92' lang='lat' dir='ltr'><strong>trahit</strong></span> <span class='ocrx_word' id='word_1_147' title='bbox 876 1694 933 1738; x_wconf 87' lang='lat' dir='ltr'><strong>nee</strong></span> <span class='ocrx_word' id='word_1_148' title='bbox 950 1685 1064 1738; x_wconf 91' lang='lat' dir='ltr'><strong>tantum</strong></span> <span class='ocrx_word' id='word_1_149' title='bbox 1136 1748 1139 1753; x_wconf 15' lang='grc' dir='ltr'><strong>Δ</strong></span> 
     </span>
     <span class='ocr_line' id='line_1_19' title="bbox 87 1761 1064 1837; baseline -0.002 -15"><span class='ocrx_word' id='word_1_150' title='bbox 87 1769 279 1835; x_wconf 73' lang='grc' dir='ltr'><strong>ῑεῐηρθειειε·</strong></span> <span class='ocrx_word' id='word_1_151' title='bbox 298 1761 468 1837; x_wconf 82' lang='lat' dir='ltr'><strong>fluctuque,</strong></span> <span class='ocrx_word' id='word_1_152' title='bbox 503 1763 560 1823; x_wconf 92' lang='lat' dir='ltr'><strong>sed</strong></span> <span class='ocrx_word' id='word_1_153' title='bbox 589 1761 784 1837; x_wconf 92' lang='lat' dir='ltr'><strong>tranquillum</strong></span> <span class='ocrx_word' id='word_1_154' title='bbox 817 1778 942 1837; x_wconf 92' lang='lat' dir='ltr'><strong>quoque</strong></span> <span class='ocrx_word' id='word_1_155' title='bbox 972 1761 1064 1836; x_wconf 86' lang='lat' dir='ltr'><strong>placi-</strong></span> 
     </span>
     <span class='ocr_line' id='line_1_20' title="bbox 87 1845 394 1920; baseline -0.01 -14"><span class='ocrx_word' id='word_1_156' title='bbox 87 1845 223 1920; x_wconf 88' lang='lat' dir='ltr'>dumque</span> <span class='ocrx_word' id='word_1_157' title='bbox 241 1853 394 1919; x_wconf 86' lang='lat' dir='ltr'><strong>purgatur.</strong></span> 
     </span>
     <span class='ocr_line' id='line_1_21' title="bbox 148 1927 1089 2002; baseline -0.001 -15"><span class='ocrx_word' id='word_1_158' title='bbox 148 1927 1089 2002; x_wconf 76' lang='lat' dir='ltr'><strong>XXVll.Sedmonetmeloous,utquaoram‚euml</strong></span> 
     </span>
     <span class='ocr_line' id='line_1_22' title="bbox 87 2011 1063 2086; baseline -0.001 -17"><span class='ocrx_word' id='word_1_159' title='bbox 87 2011 224 2071; x_wconf 81' lang='lat' dir='ltr'><strong>letalis</strong></span> <span class='ocrx_word' id='word_1_160' title='bbox 254 2012 337 2072; x_wconf 89' lang='lat' dir='ltr'><strong>dies</strong></span> <span class='ocrx_word' id='word_1_161' title='bbox 370 2013 511 2072; x_wconf 91' lang='lat' dir='ltr'><strong>diluvii</strong></span> <span class='ocrx_word' id='word_1_162' title='bbox 541 2013 711 2085; x_wconf 86' lang='lat' dir='ltr'><strong>venerit,</strong></span> <span class='ocrx_word' id='word_1_163' title='bbox 746 2011 1063 2086; x_wconf 81' lang='lat' dir='ltr'>quemadmodum</span> 
     </span>
     <span class='ocr_line' id='line_1_23' title="bbox 86 2095 1064 2170; baseline 0.001 -18"><span class='ocrx_word' id='word_1_164' title='bbox 86 2110 221 2168; x_wconf 88' lang='lat' dir='ltr'><strong>magna</strong></span> <span class='ocrx_word' id='word_1_165' title='bbox 248 2111 337 2170; x_wconf 92' lang='lat' dir='ltr'><strong>pars</strong></span> <span class='ocrx_word' id='word_1_166' title='bbox 364 2102 551 2157; x_wconf 87' lang='lat' dir='ltr'><strong>terrarum</strong></span> <span class='ocrx_word' id='word_1_167' title='bbox 578 2095 695 2156; x_wconf 87' lang='lat' dir='ltr'><strong>undis</strong></span> <span class='ocrx_word' id='word_1_168' title='bbox 720 2095 928 2155; x_wconf 80' lang='lat' dir='ltr'><strong>obruatur:</strong></span> <span class='ocrx_word' id='word_1_169' title='bbox 965 2101 1064 2153; x_wconf 86' lang='lat' dir='ltr'><strong>utrum</strong></span> 
     </span>
     <span class='ocr_line' id='line_1_24' title="bbox 87 2178 1062 2254; baseline -0.001 -16"><span class='ocrx_word' id='word_1_170' title='bbox 87 2178 196 2238; x_wconf 82' lang='lat' dir='ltr'><strong>oceani</strong></span> <span class='ocrx_word' id='word_1_171' title='bbox 213 2179 328 2237; x_wconf 91' lang='lat' dir='ltr'><strong>viribus</strong></span> <span class='ocrx_word' id='word_1_172' title='bbox 347 2179 399 2238; x_wconf 86' lang='lat' dir='ltr'><strong>ilat</strong></span> <span class='ocrx_word' id='word_1_173' title='bbox 417 2187 446 2240; x_wconf 90' lang='lat' dir='ltr'><strong>et</strong></span> <span class='ocrx_word' id='word_1_174' title='bbox 464 2187 629 2239; x_wconf 85' lang='lat' dir='ltr'><strong>extremum</strong></span> <span class='ocrx_word' id='word_1_175' title='bbox 649 2180 679 2237; x_wconf 93' lang='lat' dir='ltr'><strong>in</strong></span> <span class='ocrx_word' id='word_1_176' title='bbox 696 2194 754 2239; x_wconf 92' lang='lat' dir='ltr'><strong>nos</strong></span> <span class='ocrx_word' id='word_1_177' title='bbox 766 2180 895 2254; x_wconf 87' lang='lat' dir='ltr'><strong>pelagus</strong></span> <span class='ocrx_word' id='word_1_178' title='bbox 909 2184 1062 2250; x_wconf 88' lang='lat' dir='ltr'><strong>exsurgat,</strong></span> 
     </span>
     <span class='ocr_line' id='line_1_25' title="bbox 87 2260 1064 2336; baseline -0.001 -16"><span class='ocrx_word' id='word_1_179' title='bbox 87 2277 125 2320; x_wconf 84' lang='lat' dir='ltr'><strong>an</strong></span> <span class='ocrx_word' id='word_1_180' title='bbox 135 2260 678 2322; x_wconf 84' lang='lat' dir='ltr'><strong>siueintermissioneimbresetelisa</strong></span> <span class='ocrx_word' id='word_1_181' title='bbox 688 2270 804 2322; x_wconf 87' lang='lat' dir='ltr'><strong>aestate</strong></span> <span class='ocrx_word' id='word_1_182' title='bbox 815 2262 912 2322; x_wconf 90' lang='lat' dir='ltr'><strong>hiems</strong></span> <span class='ocrx_word' id='word_1_183' title='bbox 924 2261 1064 2336; x_wconf 86' lang='lat' dir='ltr'><strong>pertinax</strong></span> 
     </span>
     <span class='ocr_line' id='line_1_26' title="bbox 86 2344 1064 2421; baseline -0.001 -18"><span class='ocrx_word' id='word_1_184' title='bbox 86 2345 257 2404; x_wconf 87' lang='lat' dir='ltr'><strong>inmensam</strong></span> <span class='ocrx_word' id='word_1_185' title='bbox 270 2344 332 2405; x_wconf 87' lang='lat' dir='ltr'><strong>vim</strong></span> <span class='ocrx_word' id='word_1_186' title='bbox 347 2362 494 2420; x_wconf 88' lang='lat' dir='ltr'><strong>aquarum</strong></span> <span class='ocrx_word' id='word_1_187' title='bbox 509 2347 606 2421; x_wconf 90' lang='lat' dir='ltr'><strong>ruptis</strong></span> <span class='ocrx_word' id='word_1_188' title='bbox 622 2345 754 2406; x_wconf 88' lang='lat' dir='ltr'><strong>nubibus</strong></span> <span class='ocrx_word' id='word_1_189' title='bbox 769 2344 872 2418; x_wconf 83' lang='lat' dir='ltr'><strong>eiciat,</strong></span> <span class='ocrx_word' id='word_1_190' title='bbox 888 2362 925 2403; x_wconf 91' lang='lat' dir='ltr'><strong>an</strong></span> <span class='ocrx_word' id='word_1_191' title='bbox 939 2344 1064 2404; x_wconf 83' lang='lat' dir='ltr'><strong>flumina</strong></span> 
     </span>
     <span class='ocr_line' id='line_1_27' title="bbox 86 2426 1065 2504; baseline -0.001 -17"><span class='ocrx_word' id='word_1_192' title='bbox 86 2427 176 2487; x_wconf 89' lang='lat' dir='ltr'><strong>tellus</strong></span> <span class='ocrx_word' id='word_1_193' title='bbox 193 2427 305 2503; x_wconf 86' lang='lat' dir='ltr'><strong>largius</strong></span> <span class='ocrx_word' id='word_1_194' title='bbox 320 2429 427 2489; x_wconf 85' lang='lat' dir='ltr'><strong>tundat</strong></span> <span class='ocrx_word' id='word_1_195' title='bbox 440 2430 619 2504; x_wconf 86' lang='lat' dir='ltr'><strong>aperiatque</strong></span> <span class='ocrx_word' id='word_1_196' title='bbox 635 2431 735 2490; x_wconf 84' lang='lat' dir='ltr'><strong>sontes</strong></span> <span class='ocrx_word' id='word_1_197' title='bbox 751 2444 866 2498; x_wconf 90' lang='lat' dir='ltr'><strong>novos,</strong></span> <span class='ocrx_word' id='word_1_198' title='bbox 886 2435 937 2486; x_wconf 85' lang='lat' dir='ltr'><strong>aut</strong></span> <span class='ocrx_word' id='word_1_199' title='bbox 951 2426 1065 2486; x_wconf 91' lang='lat' dir='ltr'><strong>nonsit</strong></span> 
     </span>
     <span class='ocr_line' id='line_1_28' title="bbox 86 2509 1064 2585; baseline -0.003 -15"><span class='ocrx_word' id='word_1_200' title='bbox 86 2527 148 2571; x_wconf 89' lang='lat' dir='ltr'><strong>una</strong></span> <span class='ocrx_word' id='word_1_201' title='bbox 163 2517 246 2571; x_wconf 87' lang='lat' dir='ltr'><strong>tanto</strong></span> <span class='ocrx_word' id='word_1_202' title='bbox 261 2514 340 2572; x_wconf 87' lang='lat' dir='ltr'><strong>malo</strong></span> <span class='ocrx_word' id='word_1_203' title='bbox 357 2528 467 2585; x_wconf 85' lang='lat' dir='ltr'><strong>eausa,</strong></span> <span class='ocrx_word' id='word_1_204' title='bbox 484 2513 540 2572; x_wconf 95' lang='lat' dir='ltr'><strong>sed</strong></span> <span class='ocrx_word' id='word_1_205' title='bbox 555 2513 652 2573; x_wconf 92' lang='lat' dir='ltr'><strong>omnis</strong></span> <span class='ocrx_word' id='word_1_206' title='bbox 665 2512 741 2571; x_wconf 89' lang='lat' dir='ltr'><strong>ratio</strong></span> <span class='ocrx_word' id='word_1_207' title='bbox 754 2509 926 2571; x_wconf 83' lang='lat' dir='ltr'><strong>consentiat</strong></span> <span class='ocrx_word' id='word_1_208' title='bbox 936 2515 965 2567; x_wconf 93' lang='lat' dir='ltr'><strong>et</strong></span> <span class='ocrx_word' id='word_1_209' title='bbox 976 2509 1064 2567; x_wconf 91' lang='lat' dir='ltr'><strong>simul</strong></span> 
     </span>
     <span class='ocr_line' id='line_1_29' title="bbox 86 2590 1063 2671; baseline -0.003 -19"><span class='ocrx_word' id='word_1_210' title='bbox 86 2594 200 2653; x_wconf 87' lang='lat' dir='ltr'><strong>imbres</strong></span> <span class='ocrx_word' id='word_1_211' title='bbox 223 2596 347 2671; x_wconf 83' lang='lat' dir='ltr'><strong>cadant,</strong></span> <span class='ocrx_word' id='word_1_212' title='bbox 376 2594 500 2654; x_wconf 86' lang='lat' dir='ltr'><strong>ilumina</strong></span> <span class='ocrx_word' id='word_1_213' title='bbox 521 2597 706 2665; x_wconf 81' lang='lat' dir='ltr'><strong>inarescant,</strong></span> <span class='ocrx_word' id='word_1_214' title='bbox 736 2594 831 2651; x_wconf 88' lang='lat' dir='ltr'><strong>marla</strong></span> <span class='ocrx_word' id='word_1_215' title='bbox 854 2590 980 2650; x_wconf 89' lang='lat' dir='ltr'><strong>sedibus</strong></span> <span class='ocrx_word' id='word_1_216' title='bbox 999 2590 1063 2650; x_wconf 89' lang='lat' dir='ltr'><strong>suis</strong></span> 
     </span>
     <span class='ocr_line' id='line_1_30' title="bbox 86 2672 1063 2752; baseline -0.005 -16"><span class='ocrx_word' id='word_1_217' title='bbox 86 2677 187 2736; x_wconf 84' lang='lat' dir='ltr'><strong>exeita</strong></span> <span class='ocrx_word' id='word_1_218' title='bbox 199 2685 378 2752; x_wconf 85' lang='lat' dir='ltr'><strong>pereurrant</strong></span> <span class='ocrx_word' id='word_1_219' title='bbox 392 2687 422 2738; x_wconf 86' lang='lat' dir='ltr'><strong>et</strong></span> <span class='ocrx_word' id='word_1_220' title='bbox 436 2678 538 2739; x_wconf 91' lang='lat' dir='ltr'><strong>omnia</strong></span> <span class='ocrx_word' id='word_1_221' title='bbox 550 2678 670 2752; x_wconf 81' lang='lat' dir='ltr'><strong>agmine</strong></span> <span class='ocrx_word' id='word_1_222' title='bbox 681 2692 742 2735; x_wconf 92' lang='lat' dir='ltr'><strong>uno</strong></span> <span class='ocrx_word' id='word_1_223' title='bbox 753 2675 793 2734; x_wconf 87' lang='lat' dir='ltr'><strong>ad</strong></span> <span class='ocrx_word' id='word_1_224' title='bbox 806 2675 928 2734; x_wconf 86' lang='lat' dir='ltr'><strong>exitium</strong></span> <span class='ocrx_word' id='word_1_225' title='bbox 940 2672 1063 2732; x_wconf 86' lang='lat' dir='ltr'><strong>humani</strong></span> 
     </span>
     <span class='ocr_line' id='line_1_31' title="bbox 87 2758 1094 2834; baseline -0.001 -14"><span class='ocrx_word' id='word_1_226' title='bbox 87 2760 210 2834; x_wconf 84' lang='lat' dir='ltr'><strong>generis</strong></span> <span class='ocrx_word' id='word_1_227' title='bbox 231 2761 415 2821; x_wconf 81' lang='lat' dir='ltr'><strong>incumbant.</strong></span> <span class='ocrx_word' id='word_1_228' title='bbox 456 2763 500 2821; x_wconf 90' lang='lat' dir='ltr'><strong>lta</strong></span> <span class='ocrx_word' id='word_1_229' title='bbox 523 2768 579 2820; x_wconf 89' lang='lat' dir='ltr'><strong>est.</strong></span> <span class='ocrx_word' id='word_1_230' title='bbox 614 2759 686 2819; x_wconf 88' lang='lat' dir='ltr'><strong>nihil</strong></span> <span class='ocrx_word' id='word_1_231' title='bbox 708 2758 831 2817; x_wconf 88' lang='lat' dir='ltr'><strong>dillieile</strong></span> <span class='ocrx_word' id='word_1_232' title='bbox 857 2764 982 2817; x_wconf 87' lang='lat' dir='ltr'><strong>naturae</strong></span> <span class='ocrx_word' id='word_1_233' title='bbox 1007 2762 1094 2829; x_wconf 73' lang='lat' dir='ltr'><strong>esti</strong></span> 
     </span>
     <span class='ocr_line' id='line_1_32' title="bbox 86 2839 1064 2918; baseline -0.006 -15"><span class='ocrx_word' id='word_1_234' title='bbox 86 2844 193 2918; x_wconf 87' lang='lat' dir='ltr'><strong>utique</strong></span> <span class='ocrx_word' id='word_1_235' title='bbox 216 2844 268 2903; x_wconf 88' lang='lat' dir='ltr'><strong>ubi</strong></span> <span class='ocrx_word' id='word_1_236' title='bbox 288 2845 318 2903; x_wconf 95' lang='lat' dir='ltr'><strong>in</strong></span> <span class='ocrx_word' id='word_1_237' title='bbox 335 2845 426 2904; x_wconf 89' lang='lat' dir='ltr'><strong>finem</strong></span> <span class='ocrx_word' id='word_1_238' title='bbox 443 2861 532 2904; x_wconf 92' lang='lat' dir='ltr'><strong>suum</strong></span> <span class='ocrx_word' id='word_1_239' title='bbox 548 2848 701 2917; x_wconf 86' lang='lat' dir='ltr'><strong>properat.</strong></span> <span class='ocrx_word' id='word_1_240' title='bbox 736 2841 786 2900; x_wconf 86' lang='lat' dir='ltr'><strong>Ad</strong></span> <span class='ocrx_word' id='word_1_241' title='bbox 801 2839 948 2914; x_wconf 83' lang='lat' dir='ltr'><strong>originem</strong></span> <span class='ocrx_word' id='word_1_242' title='bbox 962 2854 1064 2898; x_wconf 91' lang='lat' dir='ltr'><strong>rerum</strong></span> 
     </span>
     <span class='ocr_line' id='line_1_33' title="bbox 87 2922 1063 3002; baseline -0.006 -17"><span class='ocrx_word' id='word_1_243' title='bbox 87 2941 182 3002; x_wconf 89' lang='lat' dir='ltr'><strong>paroe</strong></span> <span class='ocrx_word' id='word_1_244' title='bbox 202 2925 295 2987; x_wconf 90' lang='lat' dir='ltr'><strong>utitur</strong></span> <span class='ocrx_word' id='word_1_245' title='bbox 315 2928 430 2987; x_wconf 88' lang='lat' dir='ltr'><strong>viribus</strong></span> <span class='ocrx_word' id='word_1_246' title='bbox 453 2928 675 3001; x_wconf 88' lang='lat' dir='ltr'><strong>dispensatque</strong></span> <span class='ocrx_word' id='word_1_247' title='bbox 696 2939 731 2984; x_wconf 90' lang='lat' dir='ltr'><strong>se</strong></span> <span class='ocrx_word' id='word_1_248' title='bbox 748 2922 941 2982; x_wconf 83' lang='lat' dir='ltr'><strong>incrementis</strong></span> <span class='ocrx_word' id='word_1_249' title='bbox 959 2922 1063 2980; x_wconf 84' lang='lat' dir='ltr'><strong>sallen-</strong></span> 
     </span>
     <span class='ocr_line' id='line_1_34' title="bbox 87 3005 1062 3083; baseline -0.004 -15"><span class='ocrx_word' id='word_1_250' title='bbox 87 3008 186 3069; x_wconf 83' lang='lat' dir='ltr'><strong>tibus=</strong></span> <span class='ocrx_word' id='word_1_251' title='bbox 209 3009 308 3070; x_wconf 90' lang='lat' dir='ltr'><strong>subito</strong></span> <span class='ocrx_word' id='word_1_252' title='bbox 330 3011 368 3070; x_wconf 85' lang='lat' dir='ltr'><strong>ad</strong></span> <span class='ocrx_word' id='word_1_253' title='bbox 388 3012 504 3070; x_wconf 86' lang='lat' dir='ltr'><strong>ruinam</strong></span> <span class='ocrx_word' id='word_1_254' title='bbox 527 3017 589 3069; x_wconf 91' lang='lat' dir='ltr'><strong>toto</strong></span> <span class='ocrx_word' id='word_1_255' title='bbox 610 3009 715 3083; x_wconf 91' lang='lat' dir='ltr'><strong>inpetu</strong></span> <span class='ocrx_word' id='word_1_256' title='bbox 736 3006 826 3066; x_wconf 88' lang='lat' dir='ltr'><strong>venit.</strong></span> <span class='ocrx_word' id='word_1_257' title='bbox 863 3006 957 3079; x_wconf 81' lang='lat' dir='ltr'><strong>Quam</strong></span> <span class='ocrx_word' id='word_1_258' title='bbox 970 3005 1062 3077; x_wconf 90' lang='lat' dir='ltr'><strong>longo</strong></span> 
     </span>
     <span class='ocr_line' id='line_1_35' title="bbox 87 3089 1132 3167; baseline -0.007 -15"><span class='ocrx_word' id='word_1_259' title='bbox 87 3099 226 3167; x_wconf 91' lang='lat' dir='ltr'><strong>tempore</strong></span> <span class='ocrx_word' id='word_1_260' title='bbox 247 3108 326 3167; x_wconf 91' lang='lat' dir='ltr'><strong>opus</strong></span> <span class='ocrx_word' id='word_1_261' title='bbox 341 3102 402 3165; x_wconf 90' lang='lat' dir='ltr'><strong>est,</strong></span> <span class='ocrx_word' id='word_1_262' title='bbox 426 3101 459 3153; x_wconf 92' lang='lat' dir='ltr'><strong>ut</strong></span> <span class='ocrx_word' id='word_1_263' title='bbox 473 3100 640 3166; x_wconf 84' lang='lat' dir='ltr'><strong>conceptus</strong></span> <span class='ocrx_word' id='word_1_264' title='bbox 656 3092 695 3151; x_wconf 93' lang='lat' dir='ltr'><strong>ad</strong></span> <span class='ocrx_word' id='word_1_265' title='bbox 710 3090 904 3166; x_wconf 91' lang='lat' dir='ltr'><strong>puerperium</strong></span> <span class='ocrx_word' id='word_1_266' title='bbox 921 3089 1064 3163; x_wconf 89' lang='lat' dir='ltr'><strong>perduret</strong></span> <span class='ocrx_word' id='word_1_267' title='bbox 1087 3148 1091 3157; x_wconf 79' lang='grc'><em>,</em></span> <span class='ocrx_word' id='word_1_268' title='bbox 1121 3116 1132 3127; x_wconf 85' lang='grc'><em>·</em></span> 
     </span>
     <span class='ocr_line' id='line_1_36' title="bbox 88 3169 1062 3250; baseline -0.006 -16"><span class='ocrx_word' id='word_1_269' title='bbox 88 3177 210 3236; x_wconf 74' lang='lat' dir='ltr'><strong>inians?</strong></span> <span class='ocrx_word' id='word_1_270' title='bbox 233 3178 354 3250; x_wconf 92' lang='lat' dir='ltr'><strong>quantis</strong></span> <span class='ocrx_word' id='word_1_271' title='bbox 369 3177 524 3236; x_wconf 88' lang='lat' dir='ltr'><strong>laboribus</strong></span> <span class='ocrx_word' id='word_1_272' title='bbox 539 3184 625 3235; x_wconf 90' lang='lat' dir='ltr'><strong>tener</strong></span> <span class='ocrx_word' id='word_1_273' title='bbox 636 3176 802 3235; x_wconf 74' lang='lat' dir='ltr'><strong>educatur?</strong></span> <span class='ocrx_word' id='word_1_274' title='bbox 825 3188 916 3248; x_wconf 87' lang='lat' dir='ltr'><strong>quam</strong></span> <span class='ocrx_word' id='word_1_275' title='bbox 927 3169 1062 3245; x_wconf 79' lang='lat' dir='ltr'><strong>diligenti</strong></span> 
     </span>
    </p>
   </div>
   <div class='ocr_carea' id='block_1_3' title="bbox 88 3254 1065 3500">
    <p class='ocr_par' dir='ltr' id='par_1_3' title="bbox 88 3254 1065 3500">
     <span class='ocr_line' id='line_1_37' title="bbox 88 3254 1065 3332; baseline -0.006 -14"><span class='ocrx_word' id='word_1_276' title='bbox 88 3260 270 3319; x_wconf 87' lang='lat' dir='ltr'><strong>nutrimento</strong></span> <span class='ocrx_word' id='word_1_277' title='bbox 298 3259 463 3319; x_wconf 85' lang='lat' dir='ltr'><strong>obnoxium</strong></span> <span class='ocrx_word' id='word_1_278' title='bbox 495 3259 661 3319; x_wconf 92' lang='lat' dir='ltr'><strong>novissime</strong></span> <span class='ocrx_word' id='word_1_279' title='bbox 687 3274 799 3332; x_wconf 88' lang='lat' dir='ltr'><strong>eorpus</strong></span> <span class='ocrx_word' id='word_1_280' title='bbox 831 3254 1003 3316; x_wconf 73' lang='lat' dir='ltr'><strong>adolescit?</strong></span> <span class='ocrx_word' id='word_1_281' title='bbox 1033 3258 1065 3312; x_wconf 87' lang='lat' dir='ltr'><strong>at</strong></span> 
     </span>
     <span class='ocr_line' id='line_1_38' title="bbox 88 3335 1064 3417; baseline -0.008 -15"><span class='ocrx_word' id='word_1_282' title='bbox 88 3357 180 3415; x_wconf 86' lang='lat' dir='ltr'><strong>quam</strong></span> <span class='ocrx_word' id='word_1_283' title='bbox 194 3343 277 3403; x_wconf 92' lang='lat' dir='ltr'><strong>nullo</strong></span> <span class='ocrx_word' id='word_1_284' title='bbox 290 3343 412 3417; x_wconf 88' lang='lat' dir='ltr'><strong>negotio</strong></span> <span class='ocrx_word' id='word_1_285' title='bbox 425 3343 574 3404; x_wconf 79' lang='lat' dir='ltr'><strong>solviturt</strong></span> <span class='ocrx_word' id='word_1_286' title='bbox 593 3342 693 3403; x_wconf 88' lang='lat' dir='ltr'><strong>Urbes</strong></span> <span class='ocrx_word' id='word_1_287' title='bbox 707 3338 861 3401; x_wconf 83' lang='lat' dir='ltr'><strong>constituit</strong></span> <span class='ocrx_word' id='word_1_288' title='bbox 872 3346 971 3408; x_wconf 85' lang='lat' dir='ltr'><strong>aetas,</strong></span> <span class='ocrx_word' id='word_1_289' title='bbox 987 3335 1064 3394; x_wconf 87' lang='lat' dir='ltr'><strong>hora</strong></span> 
     </span>
     <span class='ocr_line' id='line_1_39' title="bbox 89 3417 1061 3500; baseline -0.012 -15"><span class='ocrx_word' id='word_1_290' title='bbox 89 3423 240 3485; x_wconf 89' lang='lat' dir='ltr'><strong>dissolvit.</strong></span> <span class='ocrx_word' id='word_1_291' title='bbox 281 3425 434 3486; x_wconf 85' lang='lat' dir='ltr'><strong>Memento</strong></span> <span class='ocrx_word' id='word_1_292' title='bbox 454 3426 488 3485; x_wconf 91' lang='lat' dir='ltr'><strong>fit</strong></span> <span class='ocrx_word' id='word_1_293' title='bbox 508 3425 600 3500; x_wconf 87' lang='lat' dir='ltr'><strong>einis,</strong></span> <span class='ocrx_word' id='word_1_294' title='bbox 630 3425 682 3484; x_wconf 93' lang='lat' dir='ltr'><strong>diu</strong></span> <span class='ocrx_word' id='word_1_295' title='bbox 704 3425 789 3483; x_wconf 88' lang='lat' dir='ltr'><strong>silva.</strong></span> <span class='ocrx_word' id='word_1_296' title='bbox 831 3420 942 3494; x_wconf 83' lang='lat' dir='ltr'><strong>Magna</strong></span> <span class='ocrx_word' id='word_1_297' title='bbox 963 3417 1061 3476; x_wconf 59' lang='lat' dir='ltr'><strong>-tuffi&#39;e</strong></span> 
     </span>
    </p>
   </div>
   <div class='ocr_carea' id='block_1_4' title="bbox 0 0 1186 3840">
    <p class='ocr_par' dir='ltr' id='par_1_4' title="bbox 0 0 1186 3840">
     <span class='ocr_line' id='line_1_40' title="bbox 0 0 1186 3840; baseline 0 0"><span class='ocrx_word' id='word_1_298' title='bbox 0 0 1186 3840; x_wconf 95' lang='lat' dir='ltr'><strong> </strong></span> 
     </span>
    </p>
   </div>
  </div>
 </body>
</html>
