2364 3840
272 175 413 235 NATUR.
429 173 589 246 QUAEST.
612 175 684 232 LlB.
696 175 747 233 lv.
769 182 883 237 7—12.
1004 173 1065 236 253

150 328 200 386 Xl.
223 326 335 386 Contra
351 326 473 401 quidam
488 327 572 385 aiunt
587 327 744 385 cacumina
762 327 908 386 montium
932 327 991 386 lroc
1015 344 1063 388 ca·
1082 340 1101 406 l

87 412 198 472 lidiora
219 426 290 470 esse
311 410 439 482 debere,
468 426 528 484 quo
550 417 621 469 sunt
648 410 794 484 propiora
816 410 890 482 soli:
921 409 972 484 qui
995 411 1065 471 mihi

89 495 232 555 videntur
246 510 363 566 errare,
380 494 464 567 quod
478 493 671 568 Apenninum
686 500 715 552 et
726 493 822 568 Alpes
838 501 868 553 et
881 495 958 553 alios
975 501 1065 553 notos

88 580 130 640 ob
142 577 284 638 eximiam
296 576 483 637 altitudinem
494 584 612 636 montes
628 577 656 634 in
670 583 784 636 tantum
798 584 902 651 putant
914 592 1064 651 crescere,

88 669 123 723 ut
143 663 262 722 illorum
282 661 457 734 magnitudo
479 660 592 726 sentire
614 661 688 720 solis
710 659 849 719 viciniam
874 659 987 735 possit:
1013 675 1099 726 ex-2

88 749 175 806 celsa
188 753 259 806 sunt
273 746 345 817 ista,
370 745 515 818 quamdiu
532 744 621 802 nobis
637 752 855 818 conparantur:
882 752 912 804 at
927 760 1000 803 vero
1015 745 1066 803 ubi

90 830 131 888 ad
142 829 319 889 universum
330 829 518 902 respexeris,
532 827 691 887 manifesta
702 835 748 886 est
760 827 892 888 omnium
903 827 1066 887 humilitas·
1101 890 1107 899 ,

89 914 169 972 inter
196 927 230 970 se
256 912 417 970 vincuntur
438 918 467 969 et
486 912 624 970 vincunt:
654 918 786 970 ceterum
807 910 971 972 intantum
992 912 1066 970 nihil

90 995 258 1065 adtollitur,
273 1003 306 1053 ut
321 995 350 1053 in
366 995 526 1053 collatione
540 992 632 1053 totius
648 996 708 1053 ulla
724 995 762 1053 sit
777 994 824 1052 vel
839 997 978 1055 maximis
995 1012 1065 1068 por-

89 1081 148 1138 tio:
173 1078 256 1152 quod
277 1078 335 1136 nisi
351 1082 448 1145 esset,
476 1094 536 1137 non
553 1077 723 1135 diceremus
739 1084 832 1136 totum
849 1080 954 1139 orbem
970 1087 1064 1138 terra·

90 1179 164 1224 rum
184 1161 274 1236 pilam
301 1177 381 1219 esse.
412 1159 495 1219 Pilae
521 1161 693 1234 proprietas
715 1167 762 1218 est
787 1175 854 1218 cum
882 1163 1097 1235 aequalitates

90 1246 223 1321 quadam
255 1244 435 1304 rotunditas.
479 1243 692 1319 aequalitatem
721 1250 821 1302 autem
845 1245 952 1317 accipe
977 1245 1065 1317 hanc,

88 1344 184 1404 quam
205 1327 293 1388 vides
314 1326 343 1386 in
366 1327 480 1386 lusoria
503 1329 572 1402 pila.
602 1343 661 1386 non
685 1327 809 1385 multum
825 1325 867 1389 illi
885 1328 1066 1387 commissu-

90 1428 145 1472 rae
162 1419 192 1470 et
211 1412 305 1470 rimae
321 1426 425 1470 earum
440 1417 565 1484 nocent,
593 1428 654 1485 quo
671 1411 770 1469 minus
787 1426 843 1483 par
857 1410 914 1468 sibi
931 1410 968 1469 ab
985 1412 1066 1469 omni

90 1501 179 1571 parte
200 1495 331 1554 dicatur:
356 1495 511 1568 quomodo
532 1495 563 1553 in
583 1494 642 1553 hac
663 1495 725 1568 pila
744 1493 817 1553 nihil
837 1494 888 1553 illa
908 1493 1066 1554 intervalla

90 1578 231 1640 alliciunt
248 1578 289 1636 ad
310 1579 445 1651 speciem
459 1577 594 1648 rotundi,
617 1580 661 1637 sic
682 1595 720 1637 ne
736 1577 765 1637 in
780 1578 925 1637 universo
943 1578 1066 1651 quidem

88 1663 167 1722 orbe
182 1668 328 1720 terrarum
342 1661 413 1720 editi
429 1668 563 1732 montes,
580 1678 708 1734 quorum
720 1663 845 1740 altitudo
858 1662 949 1721 totius
961 1661 1065 1719 mundi

90 1745 254 1806 collatione
275 1746 469 1803 consumitur.
498 1744 554 1816 Qui
578 1744 649 1803 dicit
663 1744 801 1803 altiorem
819 1753 967 1817 montem,
995 1744 1097 1818 quial

90 1829 189 1889 solem
204 1828 333 1902 propius
348 1827 494 1902 excipiat,
519 1826 616 1900 magis
632 1829 731 1886 calere
749 1827 875 1898 debere,
899 1828 948 1887 ille
963 1828 1065 1886 dicere

86 1918 196 1987 'potest
216 1911 385 1984 longiorem
405 1911 558 1972 hominem
579 1909 668 1970 citius
685 1928 777 1985 quam
793 1910 936 1983 pusillum
952 1910 1066 1969 debere

90 1995 225 2055 calefieri
251 2001 280 2053 et
305 2000 397 2068 caput
414 1994 502 2053 citius
529 2009 619 2067 quam
640 1995 752 2067 pedes:
777 2002 807 2053 at
822 1992 962 2068 quisquis
980 2010 1064 2052 mun-

91 2079 165 2138 dum
184 2093 328 2137 mensura
351 2093 407 2135 sua
428 2077 633 2138 aestimaverit
653 2086 683 2137 et
704 2085 814 2137 terram
830 2076 1008 2151 cogitaverit
1021 2085 1065 2136 te-

91 2177 165 2220 nere
186 2161 289 2234 puncti
309 2161 424 2233 locum,
451 2162 604 2236 intelleget
625 2161 697 2220 nihil
712 2163 740 2220 in
756 2161 807 2219 illa
823 2177 918 2235 posse
932 2162 1066 2221 eminere

90 2245 148 2316 ita,
167 2251 200 2303 ut
222 2244 366 2304 coelestia
380 2246 477 2320 magis
493 2247 616 2317 sentiat,
639 2247 764 2306 velutin
782 2246 987 2320 propinquum
1008 2245 1066 2304 illis

90 2328 267 2387 accesserit.
294 2327 413 2387 Montes
434 2327 496 2400 isti,
520 2345 597 2402 quos
619 2328 803 2403 suspicimus
825 2337 855 2388 et
869 2329 1001 2388 vertices
1017 2343 1098 2392 aea

91 2417 178 2470 terna
198 2412 268 2469 nive
289 2407 429 2485 possessi
450 2411 642 2471 nihilominus
659 2412 762 2472 inimo
779 2419 858 2471 sunt.
891 2422 920 2471 et
940 2412 1067 2484 propius

91 2493 216 2571 quidem
231 2502 278 2555 est
292 2511 310 2553 a
326 2497 392 2554 sole
405 2511 493 2554 mons
510 2512 600 2569 quam
615 2512 740 2570 campus
752 2502 803 2554 aul
814 2495 924 2563 valles,
941 2493 997 2551 scd
1013 2491 1067 2565 sic,

91 2578 249 2652 quomodo
266 2586 313 2638 est
329 2579 408 2652 pilus
425 2580 485 2653 pilo
501 2578 644 2638 crassior.
668 2580 726 2638 isto
739 2579 818 2636 enim
830 2576 922 2635 modo
936 2582 966 2634 et
977 2575 1068 2635 arbor

92 2661 151 2719 alia
170 2661 268 2734 magis
284 2679 374 2738 quam
396 2663 455 2722 alia
474 2663 590 2722 dicetur
605 2662 705 2720 vicina
729 2662 833 2722 coelo=
857 2660 941 2733 quod
957 2659 1068 2719 lalsum

92 2751 154 2814 est,
172 2745 243 2818 quia
258 2743 334 2805 inter
347 2748 456 2820 pusilla
467 2764 528 2807 non
543 2754 643 2821 potest
657 2760 728 2805 esse
741 2761 883 2818 magnum
894 2743 1067 2817 discrimen,

91 2827 151 2886 nisi
163 2826 235 2886 dum
246 2826 323 2887 inter
335 2847 368 2890 se
381 2840 595 2907 conparantur.
618 2829 670 2888 ubi
682 2829 722 2887 ad
734 2828 927 2888 collationem
939 2827 1067 2886 inmensi

91 2911 233 2984 corporis
255 2922 378 2974 ventum
399 2924 460 2988 est,
488 2915 561 2974 nihil
582 2912 721 2984 interest,
749 2918 862 2987 quanto
879 2913 917 2971 sit
939 2914 1067 2972 alterum

92 2994 188 3054 altero
203 2996 315 3068 maiuS,
333 3000 418 3070 quia,
433 2999 550 3058 etiamsi
568 3013 677 3072 magno
693 2996 882 3070 discrimine,
900 3004 998 3058 tamen
1014 2993 1067 3053 mi·

93 3077 175 3136 nima
191 3078 360 3137 vincuntur.

156 3162 219 3220 ΧΠ.
240 3161 303 3220 Sed
314 3166 348 3218 ut
360 3159 398 3216 ad
415 3161 603 3233 propositum
618 3171 767 3235 revertar,
786 3171 910 3238 propter
922 3162 977 3221 has
991 3177 1068 3236 quas
1085 3166 1098 3217 l

93 3245 182 3304 retuli
208 3258 319 3302 causas
346 3240 500 3314 plerisque
526 3243 639 3314 placuit
663 3247 693 3305 in
714 3263 750 3305 ea
773 3255 858 3320 parte
874 3246 952 3304 aeris
968 3246 1068 3305 nivem

94 3327 231 3400 concipi,
258 3338 337 3395 quae
360 3321 459 3381 vicina
478 3323 567 3382 terris
590 3332 650 3398 est,
678 3337 707 3387 et
728 3330 797 3390 ideo
818 3330 916 3387 minus
932 3327 1066 3400 adligari,

95 3411 170 3484 quia
190 3407 309 3465 minore
331 3401 433 3474 rigore
453 3404 522 3464 coit.
553 3422 624 3465 nam
644 3409 762 3470 ricinus
783 3428 836 3470 aer
851 3419 880 3470 et
894 3411 963 3484 plus
977 3407 1069 3468 habet
