2364 3840
146 211 190 276 54
436 214 468 272 L.
488 212 634 272 Ansam
657 211 835 272 SENECAE

148 380 205 440 per
225 379 260 422 sc
275 363 391 423 intuere
406 364 497 436 quale
512 363 564 420 sit:
591 361 807 421 animadvertis
821 361 967 436 exiguum
982 369 1017 423 et
1032 363 1130 424 incer·

148 459 209 508 tum
230 456 259 505 ct
280 447 353 505 boni
373 448 506 520 malique
528 462 718 505 communem
739 445 910 519 materiam,
940 446 1012 506 sine
1058 447 1131 510 ubio

150 534 279 607 primum
292 531 441 589 adomnia
451 530 587 602 gradum,
600 531 656 589 scd
668 546 729 589 non
738 531 808 590 ideo
816 529 964 590 maiorem
972 546 1026 590 om
1051 533 1132 607 ibus,

119 618 220 691 sauia
236 617 352 689 primus
366 622 423 671 est.
457 612 583 672 Servavi
599 622 715 687 patrem
729 623 759 674 et
773 615 812 673 ad
828 630 979 673 summam
996 617 1132 689 provexi

149 701 325 774 dignitatem
337 707 367 757 et
379 697 545 771 principem
558 698 644 757 urbis
655 714 731 758 suae
743 699 812 757 leci.
835 714 892 756 nee
903 705 1024 758 tantum
1036 699 1132 761 rebus

148 802 167 841 a
187 799 235 841 me
256 782 352 854 gestis
373 780 543 853 nobilitavi,
568 782 625 841 sed
646 783 706 856 ipsi
722 798 847 856 quoque
862 783 1075 855 gerendarum
1090 786 1133 844 in-

148 875 270 941 gentem
284 880 321 923 ac
336 865 456 922 facilem
470 881 527 924 nec
541 873 634 924 tutam
649 868 749 926 minus
765 882 856 940 quam
871 866 1044 940 gloriosam
1062 868 1134 927 dedi

148 951 314 1007 materiam.
344 948 492 1022 honoreS,
511 966 604 1024 opes,
627 949 773 1024 quicquid
789 950 940 1008 humanos
954 950 997 1008 ad
1014 966 1053 1010 se
1070 952 1133 1010 ani·

148 1049 217 1090 mos
232 1034 327 1105 rapit,
348 1034 505 1106 congessi:
533 1042 564 1093 et
578 1050 648 1093 etun
663 1049 758 1108 supro
774 1048 881 1093 omnes
897 1040 1029 1106 starem,
1055 1036 1134 1094 inira

119 1117 232 1175 iillum
254 1116 333 1174 steti.
369 1118 423 1176 Dic
437 1134 532 1178 nune:
560 1118 640 1191 „boc
661 1118 776 1191 ipsum,
807 1117 891 1192 quod
911 1116 973 1175 ista
991 1117 1132 1191 potuisti,

149 1202 244 1274 patris
261 1217 370 1260 ntunus
386 1208 463 1259 est.“
491 1202 690 1276 respondebo
704 1202 774 1260 tibi:
796 1209 864 1274 „cst
878 1216 1029 1274 prorsus,
1051 1204 1081 1262 si
1096 1202 1133 1261 ad

148 1286 207 1343 ista
229 1286 369 1344 iacienda
391 1287 476 1343 nasci
500 1287 576 1343 satis
596 1293 652 1343 est.
679 1286 735 1344 sed
757 1284 785 1343 si
806 1286 846 1343 ad
866 1285 945 1344 bene
960 1286 1134 1346 vivendum

147 1369 270 1428 minima
292 1371 391 1443 portio
413 1378 461 1427 est
482 1368 585 1426 vivere
606 1375 636 1426 et
650 1369 680 1427 id
697 1369 844 1440 tribuisti,
866 1369 950 1442 quod
967 1384 1043 1429 eum
1060 1371 1133 1429 ieris

147 1454 218 1511 milri
234 1461 264 1510 et
278 1452 460 1521 animalibus
473 1451 656 1525 quibusdam
671 1453 818 1523 minimis,
834 1451 1022 1527 quibusdam
1041 1454 1134 1514 etiam

148 1537 335 1597 foedissimis
355 1550 516 1593 commune
537 1543 599 1593 est:
624 1537 685 1596 noli
703 1535 756 1595 tibi
776 1536 937 1609 adserere,
964 1538 1057 1610 quod
1073 1554 1134 1598 nou

149 1636 188 1677 ex
203 1621 263 1677 tuis
279 1618 452 1690 beneficiis,
475 1621 564 1677 etiam
580 1619 646 1678 sine
661 1622 721 1679 tuis
737 1620 863 1678 oritur.“

120 1716 135 1764 t
209 1702 313 1762 ituit.
337 1702 412 1760 Puta
426 1718 474 1760 me
486 1704 577 1761 vitam
589 1721 645 1777 pro
658 1703 720 1762 rita
731 1703 919 1762 reddidisse:
942 1704 990 1762 sic
1001 1720 1134 1781 quoque

148 1802 259 1844 munus
281 1792 364 1844 tuum
383 1787 457 1858 rici,
481 1802 548 1845 cum
563 1803 620 1861 ego
638 1787 774 1847 dederim
790 1785 946 1855 sentienti,
971 1802 1046 1846 cum
1064 1806 1134 1850 seu-

148 1871 226 1928 tiens
241 1885 290 1927 me
303 1871 394 1941 dare,
415 1885 484 1928 cum
499 1872 589 1929 vitam
605 1872 657 1931 tibi
674 1887 734 1930 non
751 1870 917 1944 voluptatis
928 1885 1021 1929 meae
1034 1888 1134 1933 causa

148 1962 200 2011 aut
220 1962 303 2012 certe
322 1970 378 2028 per
399 1955 584 2028 voluptatem
607 1954 759 2027 dederim,
783 1969 850 2011 cum
872 1961 956 2012 tanto
971 1957 1081 2016 maius
1096 1958 1134 2016 sil

147 2039 277 2096 retinere
293 2037 429 2111 spiritum
446 2055 536 2113 quam
551 2038 709 2111 accipere,
726 2034 843 2112 quanto'
856 2038 954 2096 levius
967 2041 1052 2098 mori
1064 2048 1135 2100 anto

119 2123 253 2180 tmortis
275 2130 396 2180 metum.
432 2122 498 2196 Ego
513 2124 605 2180 vitam
621 2122 692 2179 dedi
707 2122 807 2179 statim
823 2122 874 2179 illa
888 2135 1004 2179 usuroz
1027 2130 1065 2184 tu
1080 2138 1133 2183 uo

148 2206 262 2263 scituro
283 2220 321 2262 an
343 2206 468 2264 viveret.
502 2222 560 2279 ego
583 2206 674 2262 vitam
692 2204 763 2262 dedi
785 2213 911 2263 mortem
932 2203 1074 2265 timenti:
1102 2215 1134 2267 tu

147 2286 240 2345 vitan
262 2287 386 2362 dedisti,
409 2298 441 2348 ut
456 2291 532 2348 mori
548 2304 683 2362 possem.
712 2303 771 2360 ego
786 2288 878 2346 vitam
893 2286 946 2346 tibi
964 2289 1042 2348 dedi
1059 2307 1133 2351 con·

149 2380 342 2443 summatum,
367 2375 549 2446 perlectam:
569 2380 602 2429 tu
614 2387 662 2429 me
674 2379 832 2444 expertem
843 2372 971 2430 rationis
981 2374 1133 2448 genuisti,

118 2460 228 2515 donus
243 2457 385 2515 alienum.
418 2456 475 2515 Vis
491 2456 586 2526 scire,
609 2470 700 2528 quam
716 2469 778 2512 non
793 2456 833 2512 sit
846 2470 990 2528 magnum
1010 2456 1133 2518 beneti-

148 2541 228 2598 cium
249 2541 339 2598 sitam
360 2541 406 2599 sic
427 2541 522 2598 daret
553 2539 775 2610 exposuisses:
803 2555 915 2612 nempe
935 2539 1052 2599 iniuria
1069 2548 1133 2601 erat

147 2625 302 2697 genuisse.
336 2624 404 2697 Quo
419 2621 543 2697 quidem
558 2622 668 2694 colligo
683 2621 839 2680 minimum
853 2637 925 2680 esse
941 2622 1132 2685 beneficium

147 2710 243 2780 patris
263 2707 432 2781 matrisque
452 2705 660 2777 concubitum,
683 2706 742 2765 nisi
762 2707 951 2765 accesserint
969 2707 1033 2766 alia
1049 2725 1132 2784 quac

147 2799 410 2864 prosequerentur
424 2789 483 2846 hoe
498 2788 611 2847 initium
627 2791 762 2850 tuuneris
777 2798 806 2848 et
821 2790 889 2848 aliis
900 2789 1014 2848 officiis
1027 2802 1132 2852 ratum

118 2875 291 2932 slacereut.
327 2874 394 2933 tlon
415 2879 463 2929 est
483 2871 595 2931 bonurn
617 2874 735 2937 virere.
764 2873 822 2931 sed
843 2873 924 2932 bene
943 2874 1070 2934 nivere:
1102 2883 1131 2936 al

147 2958 227 3015 bene
241 2959 330 3028 rivo,
350 2956 407 3015 sed
422 2955 508 3028 potui
522 2966 551 3014 et
567 2959 660 3017 unde:
688 2959 729 3017 itu
750 2955 810 3015 hoc
830 2964 947 3015 tantum
962 2964 1012 3016 est
1032 2966 1131 3034 tuum,

148 3041 233 3114 quod
249 3043 331 3100 viro.
365 3038 399 3097 Si
411 3038 503 3097 vitam
519 3038 641 3114 lupulus
657 3038 728 3099 talibi
745 3054 802 3113 per
811 3056 862 3111 se,
883 3040 1015 3111 nudam,
1035 3058 1131 3118 egeu-

146 3132 208 3182 lem
223 3124 343 3183 consilii
357 3129 386 3180 et
400 3122 430 3179 id
442 3130 472 3180 ut
486 3139 626 3199 ιιιιιξιιιιιιι
638 3124 753 3181 Ιιιιιιιιιιι
764 3122 875 3183 iactas:
897 3125 999 3197 cogita
1010 3131 1045 3184 te
1055 3128 1130 3188 mihi

117 3206 288 3281 ainputare
308 3221 480 3265 muscarum
501 3224 537 3267 ac
552 3205 698 3267 tecutiuut
713 3206 837 3266 ὶιιιιιιιιιι.
871 3207 988 3265 Deinde
1003 3217 1039 3267 ut
1054 3212 1130 3273 nibil

148 3291 229 3348 aliud
245 3291 344 3349 dicatu
360 3305 451 3362 quam
467 3291 555 3351 inultis
572 3288 687 3351 ultibus
702 3306 751 3349 ute
763 3291 936 3351 studuisse.
956 3298 989 3350 ul
1000 3308 1129 3356 cursum

147 3373 187 3431 ad
197 3380 313 3432 rectum
323 3372 381 3431 iter
391 3375 470 3435 ritae
482 3374 658 3447 diripuerunt.
673 3374 702 3431 iu
715 3374 785 3448 ipso
797 3374 947 3432 beneficio
959 3382 1013 3434 tuo
1025 3382 1129 3441 maius

155 3471 238 3514 ruam
258 3456 342 3530 quod
364 3456 495 3519 dulcius
517 3454 671 3529 incepisti.
703 3466 735 3516 tu
755 3458 837 3516 euim
856 3473 906 3516 rue
921 3458 995 3517 milti
1015 3464 1129 3524 rudem
