2364 3840
262 171 313 230 ott
332 170 545 231 BENEFlClIS
567 171 629 236 LIB
644 172 681 228 V.
704 179 835 234 12-14.
997 173 1039 239 97

55 322 209 383 humanae
222 321 313 394 longe
324 320 447 395 lateque
458 321 604 380 terminos
615 329 746 395 ponunt,
764 321 847 383 aiunt
858 323 972 384 minuta
982 323 1035 383 be-

56 405 167 467 neficia
180 411 364 478 perventura
375 404 415 462 ad
428 405 535 463 malos.
556 404 634 464 haec
647 403 699 479 qui
715 421 774 464 non
787 406 888 465 reddit
900 407 1035 480 ingratus

51 497 112 558 est.
136 488 234 548 Nobis
246 488 349 561 itaque
361 486 510 546 beneficia
521 503 592 546 esse
604 504 665 547 non
678 489 787 562 placet,
801 506 880 563 quae
893 507 953 549 non
967 497 1067 551 sunta

55 573 191 633 animum
203 572 319 630 lactura
329 570 499 629 meliorem=
515 573 676 630 commoda
687 579 787 630 tamen
799 573 850 631 illa
863 589 934 632 esse
946 579 1036 632 etex·

55 655 191 729 petenda
204 669 265 713 non
280 668 438 726 negamus.
459 653 536 712 haec
551 660 581 713 et
593 655 658 714 viro
674 655 755 716 bono
769 655 842 714 dare
857 659 955 715 malus
969 663 1035 730 pot-

54 747 103 798 cst
115 744 148 798 et
163 738 304 811 accipere
318 752 336 794 a
350 735 447 811 bono,
464 744 497 796 ut
512 737 688 811 pecuniam,
706 746 839 812 vestem,
857 739 991 801 honores
1008 746 1038 799 et

54 823 160 882 vitam.
185 821 305 895 quaesi
322 835 383 879 non
398 820 511 893 reddit,
531 820 561 878 in
577 819 685 895 ingrati
701 838 812 882 nomen
828 824 950 883 incidet.
977 824 1065 897 „Ata

55 905 215 986 quomodo
228 905 377 977 ingratum
387 918 483 962 vocas
493 919 530 962 eo
543 921 603 964 non
615 905 745 979 reddito,
760 907 843 981 quod
856 923 952 981 negas
965 923 1037 966 esse

54 987 287 1048 beneficinmt“
322 986 493 1061 Quaedam,
510 988 626 1046 etiamsi
643 1005 716 1048 vera
730 1006 791 1050 non
808 999 893 1065 sunt,
911 998 1037 1072 propter

55 1071 285 1132 similitudinem
302 1070 411 1130 eodem
426 1071 576 1132 vocabulo
593 1089 767 1146 conprensa
779 1082 868 1133 sunt=
890 1076 935 1133 sic
947 1076 1035 1151 pyxi-

54 1155 126 1215 dem
139 1162 169 1214 et
180 1162 354 1228 argenteam
367 1161 397 1213 et
410 1170 533 1213 auream
548 1154 688 1215 dicimus.
718 1157 763 1215 sic
778 1157 960 1216 inliteratum
976 1174 1036 1216 non

53 1254 96 1297 ex
110 1245 177 1298 tolo
187 1239 308 1309 rudem,
330 1237 385 1297 sed
399 1238 439 1296 ad
450 1238 552 1296 literas
565 1237 689 1296 altiores
701 1255 762 1298 non
777 1239 966 1313 perductum.
991 1239 1036 1299 sic

55 1323 110 1396 qui
132 1323 212 1380 male
231 1322 373 1381 vestitum
389 1327 419 1380 ct
434 1337 604 1394 pannosum
618 1322 709 1396 vidit,
736 1323 851 1381 nudum
869 1323 1036 1381 sevidisse

54 1405 140 1465 dicit.
168 1404 322 1465 Beneficia
332 1403 391 1464 ista
402 1420 463 1463 non
476 1413 562 1478 sunt,
577 1405 690 1465 habent
700 1415 797 1466 tamen
811 1406 954 1466 beneficii
966 1422 1035 1481 spc-

55 1487 146 1549 ciem.
180 1487 359 1561 „Quomodo
375 1490 432 1548 ista
449 1496 520 1548 sunt
534 1496 687 1564 tamquam
701 1490 865 1564 beneficia,
883 1490 932 1565 sic⁸
943 1496 974 1549 et
987 1490 1067 1553 illel

52 1579 213 1646 tamquam
234 1573 369 1646 ingratus
385 1579 446 1645 est,
469 1589 530 1632 non
546 1571 713 1646 ingratus.“
742 1574 864 1633 Falsum
881 1580 941 1649 est,
965 1572 1038 1649 quia

53 1655 109 1714 illa
125 1655 274 1714 beneficia
289 1663 318 1715 et
334 1657 384 1730 qui
400 1656 452 1715 dat
463 1657 597 1730 adpellat
608 1665 638 1716 et
650 1658 702 1731 qui
714 1657 838 1732 accipit:
854 1656 895 1716 ita
908 1656 960 1731 qui
972 1655 1037 1716 veri

54 1737 201 1798 beneficii
217 1738 321 1813 specie
334 1740 453 1812 fefellit,
474 1747 536 1799 tam
550 1741 685 1813 ingratus
701 1751 748 1800 est
763 1757 852 1816 quam
870 1742 1035 1814 veneticus,

56 1822 113 1896 qui
130 1837 290 1896 soporem,
307 1838 375 1880 cum
391 1838 542 1881 vencnum
559 1823 711 1897 crederet,
733 1825 863 1883 miscuit.

122 1904 201 1964 XIV.
230 1905 388 1965 Cleanthes
402 1899 612 1965 vehementius
624 1906 693 1979 agit.
727 1907 839 1978 „Licet
855 1904 967 1980 inquit,
983 1906 1035 1964 be·
1049 1914 1061 1962 1

55 1987 203 2048 aeficium
214 2006 274 2050 non
284 1990 331 2063 sit,
341 1990 423 2064 quod
432 1989 560 2063 accepit,
568 1987 635 2063 ipse
643 1997 741 2048 tamen
754 1991 889 2062 ingratus
898 1996 953 2060 est,
965 1988 1037 2061 qnia

57 2089 122 2131 non
131 2073 186 2132 luit
196 2074 379 2145 redditurus,
388 2074 507 2133 etiamsi
518 2075 721 2147 accepisset.“
738 2071 1035 2146 Siclatroest,etiam
1048 2081 1077 2141 2,

56 2163 222 2230 antequam
244 2173 351 2216 manus
372 2158 523 2232 inquinet,
547 2158 618 2231 quia
639 2157 676 2215 ad
699 2156 899 2216 occidendum
915 2156 973 2215 iam
989 2171 1036 2213 ar-

56 2247 159 2300 :natus
182 2249 229 2300 est
248 2247 278 2299 et
297 2240 388 2300 habet
409 2239 561 2316 spoliandi
580 2249 671 2315 atque
686 2240 884 2301 interficiendi
899 2241 1036 2299 volunta·

57 2332 129 2384 tem.
162 2331 322 2383 exercetur
342 2331 372 2382 ct
391 2325 525 2399 aperitur
545 2340 639 2397 opere
659 2325 811 2397 nequitia,
840 2341 900 2384 non
922 2323 1036 2397 incipit.

56 2407 165 2481 Ipsum
181 2407 263 2481 quod
279 2407 412 2480 accepit,
430 2407 612 2467 beneficium
625 2424 684 2466 non
698 2414 776 2480 crat,
792 2409 846 2466 sed
861 2407 1037 2466 vocabatur.

58 2489 207 2564 Sacrilegi
223 2490 296 2549 dant
309 2507 441 2564 poenas,
466 2492 606 2566 quamvis
622 2507 710 2549 nemo
723 2491 873 2564 usquead
886 2490 962 2548 deos
975 2488 1039 2545 ma-‘

58 2589 118 2633 nus
132 2574 275 2648 porrigat.
308 2573 538 2647 „Quomodo,
559 2573 669 2648 inquit,
692 2573 884 2631 adversus
901 2573 1065 2637 nraluntss

58 2657 238 2731 ingratus
264 2664 323 2716 est
352 2658 571 2733 quisquam,
594 2673 662 2716 cum
681 2656 760 2714 malo
777 2654 1036 2714 daribenelicium

59 2756 120 2800 non
137 2742 284 2815 possitt“
315 2741 359 2799 Ea
374 2742 489 2800 scilicet
502 2742 634 2800 ratione:
656 2743 709 2814 qui
722 2738 850 2813 accipiet
864 2739 902 2797 ab
917 2739 968 2797 illo
985 2735 1037 2796 ali-

60 2823 134 2896 quid
148 2839 188 2883 ex
198 2823 255 2896 his,
269 2840 347 2898 quae
360 2825 441 2898 apud
452 2825 687 2898 inperitossunt,
696 2839 822 2897 quorum
833 2822 977 2895 [siJmalis
986 2837 1036 2880 co—

60 2905 112 2981 pia
127 2912 191 2979 est,
212 2908 280 2981 ipse
293 2923 416 2982 quoque
431 2910 459 2967 in
476 2908 564 2967 simili
577 2906 702 2966 materia
713 2914 818 2980 gratus
831 2922 902 2966 csse
915 2905 1037 2965 debebit

60 2987 170 3059 atille,
194 2991 418 3065 qualiacunque
430 3000 513 3065 sunt,
538 3007 606 3051 cum
621 3006 675 3064 pro
687 2989 777 3049 bonis
790 2988 956 3066 acceperit,
980 3005 1036 3063 pro

59 3071 151 3132 bonis
167 3074 306 3132 reddere.
339 3075 403 3134 Aes
423 3076 550 3133 alienum
566 3073 680 3133 habere
695 3075 801 3133 dicitur
817 3081 846 3132 et
859 3075 910 3147 qui
925 3079 1066 3132 aureos-l

61 3156 154 3216 debet
166 3157 259 3232 etqui
271 3157 384 3216 corium
398 3160 494 3218 lorma
507 3156 628 3232 publica
641 3173 836 3231 percussum,
853 3159 943 3232 quale
953 3157 1038 3230 apud

59 3237 322 3300 Lacedaemonios
352 3241 424 3313 luit,
452 3243 534 3316 quod
564 3257 653 3301 usum
686 3250 860 3301 numeratae
890 3241 1038 3314 pecuniae

61 3330 206 3397 praestat.
243 3323 308 3396 Quo
330 3340 442 3398 genere
463 3326 613 3398 obligatus
635 3341 684 3398 οε,
706 3325 765 3384 hoc
785 3326 876 3384 fidem
899 3324 1036 3382 exsolve.

62 3406 141 3479 Quid
162 3408 222 3467 sint
235 3407 399 3482 beneficia,
423 3425 460 3467 an
477 3417 506 3469 et
522 3410 549 3466 in
566 3409 645 3467 hanc
660 3409 815 3468 sordidam
832 3406 1066 3478 ltumilcmque5

104 3511 207 3548 arnaco
221 3511 289 3548 ratu.
305 3496 336 3548 ll.
522 3512 526 3521 .
856 3499 872 3549 t
