2364 3840
166 110 228 173 192
452 112 484 168 L.
505 110 649 169 Atlanti
672 108 847 168 SENECAE

165 270 197 322 ot
215 267 324 322 tonatl
350 260 421 336 quia
442 259 568 334 spiritus
586 257 732 319 infirmior
747 258 776 318 in
793 257 946 318 flammam
962 276 1025 320 non
1041 261 1140 330 valuit,

165 347 194 405 in
216 362 325 405 sonum
346 344 448 403 vatttit.
491 341 566 416 Quid
588 349 635 401 εει
658 356 731 415 ergo
753 342 822 416 ipsa
842 343 1033 415 fulguratiol
1064 346 1140 404 aeris

165 428 336 489 diducentis
353 442 387 487 sc
402 426 633 500 corruentisquc
648 423 768 485 iactatio
783 424 960 498 languidum
971 427 1074 500 ignem
1088 444 1141 487 nec

165 514 314 572 exiturum
330 511 482 584 aperiens.
520 508 598 583 Quid
613 515 660 567 est
674 509 809 567 tulment
830 508 958 567 acrioris
973 508 1139 570 densioris·

166 613 226 671 que
245 595 370 671 spiritus
386 597 526 652 cursus.“

227 679 303 738 XIX.
334 675 580 735 Anaximandros
601 674 657 733 ait:
686 675 786 733 omnia
806 675 864 734 isla
885 674 930 733 sic
952 674 1035 749 fleri,
1059 685 1140 737 ulex

165 763 287 821 aethere
307 761 410 831 aliqua
432 759 477 817 ris
493 758 523 815 in
538 757 682 816 inferiora
697 757 884 817 descendat:
904 757 947 817 ita
959 758 1041 832 ignis
1057 761 1140 836 inpa-

165 854 230 904 ctus
253 843 383 901 nubibus
399 840 516 915 frigidis
533 847 630 900 sonat.
654 848 684 899 at
699 857 767 901 cum
782 841 850 899 illas
861 841 1069 918 interscindit,
1088 846 1140 903 ful·

163 935 214 1001 gel
228 934 258 985 ct
272 925 369 984 minor
384 925 428 982 vis
442 925 553 999 ignium
568 925 788 997 fulgurationes
800 924 878 997 fecit,
896 926 996 986 maior
1007 926 1139 986 fulmina.

136 1025 146 1074 1
224 1010 287 1068 XX.
321 1008 474 1084 Diogenes
499 1007 711 1082 Apolloniates
737 1008 798 1067 ait:
831 1008 984 1082 quaedam
1010 1011 1140 1072 tonitrua

163 1093 247 1168 igne,
277 1093 427 1168 quaedam
450 1091 557 1166 spiritu
578 1092 654 1150 fieri.
681 1091 732 1150 itia
753 1091 831 1166 ignis
853 1092 939 1165 iacit,
970 1110 1053 1168 quae
1075 1094 1140 1169 ipsc

164 1177 316 1236 antecedit
337 1185 367 1236 et
387 1177 517 1236 nuntiat:
547 1175 597 1233 illa
618 1175 757 1248 spiritus,
786 1190 865 1250 quae
884 1173 953 1235 sine
973 1179 1139 1252 splendore

133 1267 356 1336 acrepuerunt.
397 1260 565 1333 Utrumque
586 1259 653 1317 sine
674 1260 768 1318 altero
790 1259 956 1333 aliquando
978 1260 1047 1320 fieri
1069 1277 1138 1322 con-

163 1347 255 1418 cedo,
284 1343 325 1403 ila
341 1350 456 1413 tamen,
479 1349 512 1402 ut
532 1358 592 1401 non
614 1341 748 1401 discreta
767 1342 826 1401 iliis
846 1349 986 1416 potestas
1008 1345 1063 1416 sit,
1086 1346 1138 1405 sed

162 1437 323 1501 utrumque
338 1426 377 1484 ab
391 1433 523 1498 utroque
537 1424 618 1484 effici
635 1424 742 1499 possit.
767 1426 834 1500 quis
850 1427 929 1484 enim
941 1428 1069 1502 negabit
1079 1430 1137 1503 spi·

161 1512 248 1570 ritum
262 1524 371 1582 magno
384 1509 488 1582 inpetu
499 1510 607 1580 latum,
621 1524 689 1567 cum
702 1510 813 1568 efficiat
824 1525 943 1583 sonum,
960 1511 1136 1572 effecturum

162 1602 191 1652 cl
212 1594 333 1665 ignemt
361 1593 429 1665 quis
452 1600 633 1652 autemnon
656 1599 687 1651 et
707 1592 766 1652 hoo
784 1592 947 1666 concedet,
973 1595 1136 1670 aliquando

161 1677 262 1749 ignem
284 1691 380 1748 posse
401 1691 524 1750 qtroque
545 1676 717 1749 inrumpere
742 1676 839 1735 nubes
860 1685 890 1736 ει
914 1693 976 1736 non
1004 1680 1134 1750 exsilire,

162 1759 187 1817 si
208 1759 402 1832 plurimarum
424 1775 536 1819 acervo
560 1760 698 1832 nubium,
722 1775 790 1818 cum
811 1775 928 1834 paucas
944 1762 1134 1836 percidisset,

161 1858 332 1917 oppressus
355 1849 427 1903 esll
454 1859 527 1917 ergo
549 1850 579 1902 ει
601 1843 680 1916 ignis
701 1843 754 1901 ibit
768 1840 797 1901 in
814 1843 952 1918 spiritum
968 1846 1134 1922 perdetque

130 1927 308 2000 tfulgorem
326 1933 356 1985 et
371 1927 513 2000 spiritus,
535 1927 605 1985 durn
622 1932 707 1985 secat
720 1926 830 1999 infera,
850 1927 1004 1988 incendet.
1042 1929 1134 1989 Adice

158 2026 255 2081 nunc,
281 2010 365 2082 quod
386 2024 516 2068 necesse
536 2018 598 2082 est,
622 2004 744 2083 inpetus
766 2009 897 2069 fulminis
919 2017 949 2069 et
966 2015 1134 2085 praemittat

158 2092 284 2165 spiritus
306 2098 438 2164 agatque
460 2097 529 2150 ante
550 2107 585 2149 se
605 2099 634 2150 et
655 2108 673 2150 a
693 2100 778 2166 tergo
795 2092 894 2153 trahat
906 2104 1046 2169 ventum,
1070 2112 1131 2156 cunr

158 2182 218 2234 tarn
237 2182 326 2232 vesto
349 2173 409 2233 iclu
430 2175 501 2232 adra
528 2173 677 2233 inciderit.
704 2178 806 2250 itaque
826 2175 942 2249 omnia,
973 2187 1132 2255 antequam

158 2257 311 2327 feriantur,
333 2257 543 2316 intremiscunt
558 2257 673 2317 vibrata
685 2267 792 2333 vento,
813 2276 902 2336 quern
919 2260 1000 2335 ignis
1016 2271 1087 2323 ante
1101 2279 1132 2322 se

156 2338 321 2413 praemisit.

129 2433 140 2482 1
216 2424 293 2483 XXI.
315 2423 498 2484 Dimissis
520 2441 619 2485 nunc
637 2427 967 2502 praeceptoribus
984 2429 1131 2489 nostris

155 2506 1130 2582 incipiamuspernosnroverielaeoniessistrans·

154 2607 284 2651 eamus
312 2591 356 2650 ad
384 2592 510 2652 dubia.
547 2592 643 2666 Quid
667 2593 701 2651 in
722 2594 920 2654 confessis
941 2601 1026 2656 estt
1059 2597 1130 2656 fui·

153 2690 234 2732 men
263 2676 388 2748 ignem
418 2691 521 2749 esse,
554 2693 676 2750 aeque
703 2676 1021 2752 rurgundionum,
1055 2692 1130 2753 quac

153 2756 225 2814 nihil
240 2757 322 2816 aliud
337 2764 385 2816 est
400 2775 491 2831 quam
506 2759 641 2831 flamma,
667 2760 767 2819 futura
782 2762 910 2831 fulmen,
930 2760 957 2821 si
972 2763 1045 2836 plus
1059 2761 1129 2822 hau·

125 2838 247 2898 2sisset
264 2840 380 2898 virium.
405 2858 463 2899 non
480 2851 587 2902 natura
603 2842 675 2916 ista,
699 2843 755 2901 scd
772 2845 875 2918 inpetu
892 2844 1017 2905 distant.
1053 2845 1129 2905 Esse

152 2920 235 2979 illum
251 2923 351 2993 ignem
369 2925 453 2982 color
469 2925 615 2999 ostendit,
639 2927 689 3000 qui
706 2942 765 2985 non
781 2935 829 2987 est
843 2927 900 2986 nisi
916 2943 955 2986 ex
970 2944 1025 3003 eo,
1048 2929 1127 3003 quod

153 3005 299 3078 ostendit,
316 3014 345 3065 ει
358 3003 502 3066 effectus:
525 3024 702 3082 magnorum
717 3010 796 3068 enim
813 3026 908 3084 saepe
919 3011 1127 3072 incendiorum

152 3102 246 3145 causa
266 3088 379 3146 fulmen
401 3088 465 3148 fuit.
491 3092 587 3150 silvae
602 3092 653 3151 illo
669 3100 819 3152 crematae
835 3101 865 3152 et
878 3093 999 3155 urbium
1015 3103 1126 3170 partes.

151 3170 239 3228 etiam
257 3185 336 3245 quae
357 3187 416 3230 non
440 3189 590 3246 percussa
605 3183 690 3249 sunt,
713 3183 811 3235 tamen
828 3177 937 3236 adusta
954 3186 1125 3238 cernuntur.

152 3252 303 3326 quaedam
315 3270 388 3313 vero
399 3258 483 3315 vetut
495 3257 617 3330 fuligine
629 3258 811 3319 colorantur.
835 3260 918 3335 quid,
934 3262 1019 3335 quod
1031 3262 1123 3321 omni·

120 3336 206 3398 dhus
229 3337 386 3412 fulguralis
409 3339 488 3398 odor
511 3338 666 3412 sulphuris
685 3339 789 3401 inest?
824 3342 905 3418 Ergo
921 3351 1123 3421 ctutramque
