2364 3840
278 195 329 255 DE
351 195 562 255 BENEFICIIS
583 196 718 254 LIB.lII.
745 204 876 258 20-23.
1025 197 1067 259 49

89 349 193 409 ficlum
210 347 349 406 dominus
368 363 385 405 a
400 361 491 405 servo
507 344 619 419 accipit
608 351 639 404 ιι
667 345 757 404 immo
772 345 864 403 homo
882 346 919 404 ab
935 345 1065 406 hunnine

89 433 230 506 [lenique
252 431 367 505 quod
360 447 389 489 m
415 429 497 490 illius
518 436 621 502 potest
610 435 670 488 tate
692 428 747 487 luit
768 429 866 487 lecit:
885 428 1094 492 beneficiuml

89 517 215 576 domino
232 514 323 574 dedit.
305 520 386 573 tne
402 530 420 572 a
435 505 525 572 serv'c
541 514 716 585 acceperis,
738 513 768 569 in
784 520 835 571 ιιιι
847 518 998 585 potestate
1010 523 1064 575 est.

89 599 164 674 Quis
186 606 286 658 autern
302 604 367 657 tant
368 614 405 656 us
420 603 468 656 est
475 611 595 671 ‚quem
611 612 672 654 non
689 597 809 654 fortuna
824 596 962 669 indigere
977 597 1066 656 etiam

90 682 202 742 infimis
219 688 329 757 cogat?

89 832 91 838 ,
154 766 259 824 XXIII.
280 764 397 824 Multa
390 780 448 822 ram
465 761 685 822 beneficiorum
697 778 810 837 genera
821 765 951 823 releram
965 771 996 824 et
1007 765 1067 824 drs
1080 774 1093 825 l

89 850 200 909 similia
220 857 250 908 et
272 849 422 923 quaedam
443 848 520 906 inter
535 863 569 906 se
586 855 657 907 cont
658 848 746 906 rania.
779 848 869 908 Dedit
883 848 994 922 aliquIs
1011 849 1067 908 do-

89 935 172 992 mino
195 950 252 992 suo
277 933 382 1005 vitam,
408 930 492 991 dedit
511 939 652 1005 mortem,
680 933 813 991 servavit
831 932 1013 1006 periturum:
1036 939 1066 992 el

89 1019 151 1076 hoc
164 1018 189 1074 si
203 1032 308 1090 parum
322 1022 376 1087 est,
393 1017 551 1090 pereundo
565 1017 708 1074 serravit.
730 1016 942 1076 allusmcrtem
952 1017 1064 1076 domini

90 1099 216 1170 adiuvit,
229 1100 306 1157 alius
315 1098 444 1174 decepit.
467 1098 1093 1173 ClaudiusQuadrigariusinduodevice-2

89 1185 170 1242 simo
184 1182 334 1242 annalium
346 1184 449 1256 tradit,
468 1199 536 1241 cum
552 1183 745 1242 obsideretur
759 1182 953 1242 Grumentum
965 1183 1064 1243 etiam

90 1268 131 1327 ad
147 1283 295 1346 summam
311 1267 558 1344 desperationem
569 1274 691 1325 ventum
705 1275 797 1340 esset,
814 1266 893 1324 duos
907 1283 1015 1326 servos
1026 1270 1066 1327 ad

89 1354 209 1412 hostem
218 1350 458 1424 transfugissee
464 1366 577 1424 operae
586 1359 652 1423 pre
654 1367 713 1408 rum
723 1349 846 1409 fecisse
866 1349 983 1408 Deinde
991 1351 1066 1410 urbe

91 1444 181 1511 capta
195 1434 310 1510 passim
327 1434 517 1494 discurrente
533 1435 647 1493 victore
662 1433 731 1492 illos
747 1439 890 1507 pernota
905 1433 1013 1492 itinera
1027 1417 1119 1492 ad'

90 1520 239 1593 domums
232 1536 260 1578 m
271 1535 331 1593 qna
340 1517 509 1577 servrer‘mt
510 1532 773 1592 praecucurrisse
781 1517 971 1578 etdommam
980 1534 1066 1577 suam

89 1611 141 1664 ant
143 1620 207 1662 ese
221 1603 332 1675 egisse.
357 1608 504 1674 quaerent
493 1601 574 1660 tibus
589 1616 738 1674 quaenam
754 1608 852 1674 esset,
868 1602 1067 1661 dominamt
1037 1608 1067 1661 et

91 1688 216 1761 quidem
238 1685 479 1744 crudelissimam
503 1687 542 1744 ad
561 1685 744 1759 supplicium
760 1686 798 1744 ab
814 1685 890 1760 ipsis
908 1686 979 1745 duci
994 1702 1064 1760 pro·

90 1773 194 1829 sessos
208 1782 288 1826 esse.
312 1767 452 1826 eductam
464 1768 574 1827 deinde
586 1777 672 1828 extra
684 1785 787 1828 muros
799 1786 917 1829 summa
930 1786 1003 1830 cura
1015 1784 1064 1829 cc-

90 1855 184 1925 lasse,
197 1852 298 1911 donee
309 1849 429 1910 hostilis
442 1851 487 1909 ira
498 1853 680 1912 consideret.
697 1853 817 1927 deinde,
828 1860 861 1913 ut
872 1853 999 1912 satiatus
1011 1855 1064 1912 mi-

36 1940 40 1977 '·
90 1937 135 1996 les
150 1935 209 1995 cito
223 1936 262 1994 ad
274 1936 430 1995 Romanos
444 1951 544 1994 mores
557 1936 652 2009 rediit,
666 1937 734 1996 illos
750 1952 873 2011 quoque
887 1937 925 1995 ad
935 1952 1064 1997 suosre

36 2036 39 2040 ·
91 2021 177 2080 disse
189 2028 219 2081 ct
230 2020 383 2101 dominam
398 2019 455 2078 sibi
467 2017 553 2094 ipsos
563 2019 698 2079 dedisse.
720 2020 896 2080 Manumisit
907 2026 1096 2094 utrumquea

89 2105 247 2178 evestigio
260 2106 310 2163 illa
322 2120 380 2163 nco
391 2104 548 2177 indignata
556 2105 646 2163 estab
655 2104 702 2163 liis
712 2105 843 2164 sevitam
852 2104 1023 2178 accepisse,
1036 2103 1065 2163 in

36 2190 45 2267 ῗ
90 2204 170 2262 quos
183 2189 262 2247 vitae
275 2190 423 2262 necisque
435 2194 617 2262 potestatem
630 2187 796 2249 habuisset.
825 2188 924 2248 Potuit
936 2187 995 2247 sibi
1006 2187 1066 2250 hoc

36 2270 38 2275 '
88 2275 138 2330 vel
160 2272 257 2345 magis
281 2274 433 2346 gratulari.
462 2273 548 2331 aliter
568 2272 648 2330 enim
669 2279 790 2331 servata
804 2289 914 2333 munus
930 2280 1021 2333 nolae
1036 2279 1066 2334 et

36 2359 44 2398 ἰ
88 2356 224 2428 volgaris
248 2357 426 2427 clementiae
443 2356 617 2416 habuisset:
642 2357 686 2415 sic
701 2363 823 2416 servata
838 2355 949 2416 nobilis
964 2356 1067 2416 sabula

36 2441 41 2452 '
89 2447 121 2497 et
142 2439 314 2534 exemplum
337 2440 463 2500 duarum
485 2440 606 2500 urbium
627 2441 691 2500 suit.
728 2441 760 2500 In
783 2447 865 2500 tanta
887 2441 1096 2500 confusiones

36 2525 39 2564 ³
90 2528 201 2594 captae
222 2521 311 2581 clvita
314 2523 350 2582 tis
373 2539 440 2584 cum
464 2523 523 2583 sibi
546 2540 677 2599 quisque
693 2526 883 2596 consuleret
907 2539 1015 2583 omnes
1029 2525 1067 2582 ab

88 2605 141 2665 illa
162 2613 284 2679 praeter
303 2609 477 2681 transfugas
499 2609 704 2703 fugentur
687 2609 781 2682 athi,
807 2616 841 2668 nt
830 2606 1067 2681 tostenderent‚

88 2706 152 2766 quo
169 2691 268 2750 animo
285 2692 365 2750 facta
380 2698 464 2750 esset
479 2691 561 2765 prior
576 2691 652 2751 illat
640 2692 748 2751 transit
750 2693 794 2765 io,
816 2708 834 2750 a
849 2688 1016 2750 victoribus
1029 2690 1068 2748 ad

88 2776 240 2848 captivam
262 2776 489 2847 transfugerunt
508 2791 672 2849 personam
687 2775 906 2850 parricidarum
924 2775 1021 2832 lerent
1009 2779 1064 2847 tes,

87 2858 174 2933 quod
196 2856 225 2915 in
248 2858 298 2917 illo
315 2858 465 2917 beneficio
487 2861 650 2919 maximnm
667 2859 735 2918 luia
757 2858 832 2918 tanti
847 2857 1064 2931 iudIcaverunt,

88 2958 129 3000 ne
145 2940 269 3000 domina
285 2942 491 3015 occideretur,
513 2943 609 3001 videri
625 2943 777 3001 dominam
800 2939 962 3002 cecidisse.
998 2943 1065 3003 Non

90 3033 153 3098 est,
170 3024 363 3098 mihicrede,
380 3041 440 3083 non
457 3034 504 3085 est
521 3026 641 3085 servilis
658 3026 765 3100 ammi,
782 3026 937 3100 egregium
953 3027 1065 3087 factum

90 3110 172 3167 lama
185 3107 311 3167 sceleris
326 3108 447 3167 emisse.
481 3109 616 3183 Vettius,
640 3117 761 3184 praetor
771 3110 957 3184 Marsorum
973 3111 1093 3175 duce-5

90 3193 180 3252 batur
202 3192 240 3251 ad
261 3193 460 3251 Romanum'
453 3200 582 3267 imperat
583 3209 677 3254 crem
711 3210 821 3256 servus
846 3193 911 3254 cius
932 3196 1065 3268 gladium

92 3360 218 3432 occidit,
241 3359 404 3419 deindezt
392 3284 572 3460 temperetur,
582 3322 702 3436 inquit,
676 3363 1065 3423 tmeermtticonsotsere

91 3447 152 3504 ιἰιιι
174 3445 322 3504 dominum
342 3448 508 3505 manumisi.
545 3450 636 3519 alque
656 3445 697 3505 ita
719 3461 834 3506 senno
855 3445 917 3506 ictu
938 3446 1066 3505 traiecit.

136 3546 238 3584 seneen
251 3547 320 3584 ιιιιι.
337 3533 369 3586 ll.
887 3537 905 3591 4
