2364 3840
268 180 408 242 norun.
426 178 587 254 ponusr.
610 179 730 238 man.
753 188 884 241 u-as
1005 177 1068 242 190

86 341 137 394 est
158 348 251 408 porro
272 333 369 405 aliud,
392 331 477 406 quod
492 346 624 390 errorem
640 331 803 389 maximum
819 329 943 390 incutiat
961 331 1065 405 peritis

90 416 249 488 natalium,
277 431 367 491 quam
388 415 471 490 quod
500 414 606 488 paucis
632 429 690 472 nos
716 411 869 472 sideribus
895 414 1064 487 adsignant,

88 516 157 560 cum
175 501 292 571 omnia,
313 514 393 575 quae
409 514 501 573 supra
517 514 576 558 nos
591 506 675 570 sunt,
694 506 809 571 partem
821 495 918 555 nostri
931 495 989 556 sibi
1000 496 1066 556 vin·

88 584 218 643 dicenti
247 583 447 644 submissiora
467 582 593 641 forsitan
616 582 745 656 propius
766 582 795 639 in
818 597 876 640 nos
896 580 957 638 vim
979 596 1065 644 suam

88 667 223 742 dirigunt
237 674 267 726 et
281 683 332 739 ea,
357 682 437 741 quae
451 665 638 740 frequentius
655 673 737 725 mota
751 663 837 724 aliter
847 680 905 724 nos
917 666 1066 738 aliterque

90 750 291 826 prospiciunt.
325 757 458 809 ceterum
480 757 510 809 et
529 748 594 821 illa,
624 765 704 824 quae
725 757 776 808 aut
795 749 909 807 inmota
930 756 1001 808 sunt
1016 755 1095 809 auttt

90 842 217 910 propter
229 832 419 894 velocitatem
434 833 579 893 universo
601 849 704 906 parem
720 833 841 893 inmotis
858 831 980 915 similia,
1005 849 1065 892 non

87 926 176 978 extra
196 919 244 978 ius
265 916 492 990 dominiumque
510 915 606 975 nostri
624 925 702 976 sunt.
725 918 821 976 ,altius
836 917 963 990 adspice
978 924 1007 976 et
1021 917 1065 975 di·

88 1002 228 1062 stributis
250 1017 313 1060 rem
335 1001 445 1060 officiis
467 1007 572 1059 tracta.
600 1016 660 1059 non
682 1000 779 1073 magis
801 1008 900 1060 autem
916 1000 1004 1060 facile
1020 1010 1067 1061 est

88 1087 187 1157 scire,
213 1084 285 1159 quid
303 1084 436 1160 possint,
461 1100 550 1158 quam
567 1082 695 1142 dubitari
711 1083 815 1154 debet,
838 1102 875 1143 an
894 1085 1023 1158 possint.

152 1168 284 1228 XXXlll.
314 1169 417 1228 Nunc
440 1168 483 1227 ad
506 1167 664 1226 fulmina
687 1175 942 1240 revertamur,
971 1185 1065 1241 quo·

88 1268 167 1311 rum
190 1268 253 1312 ars
275 1253 310 1310 in
329 1253 423 1311 baec
441 1252 514 1311 tria
530 1250 734 1309 dividitur:
752 1249 1066 1323 quemadmodum

88 1337 360 1410 exploremus,
398 1334 713 1410 quemadmodum
749 1333 1065 1406 interpretemur,

90 1420 406 1493 quemadmodum
437 1433 650 1477 exoremus.
689 1416 787 1475 Prima
808 1432 881 1490 pars
897 1416 936 1475 ad
954 1418 1066 1476 formu-

89 1503 149 1562 lam
173 1503 316 1577 pertinet,
341 1503 478 1562 secunda
499 1503 538 1561 ad
554 1501 784 1571 divinationem,
805 1500 892 1560 tertia
907 1500 946 1559 ad
962 1502 1065 1574 propi·

87 1586 213 1645 tiandos
236 1588 326 1658 dece,
350 1602 428 1660 quos
448 1586 531 1645 bono
554 1586 677 1644 fulmine
696 1600 806 1658 rogare
828 1592 961 1659 oportet,
985 1587 1065 1644 malo

88 1668 266 1744 deprecari:
293 1685 417 1743 rogare,
445 1678 477 1730 ut
497 1668 650 1744 promissa
671 1669 803 1742 firment,
833 1670 1006 1743 deprecari,
1035 1678 1067 1728 ut

88 1753 242 1812 remittant
255 1752 363 1812 minas.

153 1836 287 1895 XXXIV.
316 1835 469 1896 Summam
492 1850 563 1894 esse
582 1835 642 1892 vini
665 1834 798 1892 fulminis
822 1834 971 1906 iudicant,
997 1836 1095 1910 quial
1121 1907 1126 1916 ι

88 1920 238 1995 quicquid
252 1920 309 1979 alia
322 1920 520 1995 portendunt,
533 1919 721 1977 interventus
735 1916 866 1976 fulminis
877 1918 967 1988 tollit,
983 1919 1066 1991 quic-

90 2003 166 2078 quid
187 2003 226 2062 ab
248 2002 307 2064 hoc
328 2003 532 2078 portenditur,
552 2001 647 2059 fixum
669 2008 716 2059 est
736 2015 793 2059 nec
813 1999 937 2060 alterius
956 2003 1065 2060 ostent'

88 2085 313 2161 significatione
334 2094 473 2146 mutatur.
520 2083 670 2158 Quicquid
699 2092 787 2157 exta,
822 2084 966 2158 quicquid
993 2099 1066 2143 aves

89 2171 257 2241 minantur,
280 2171 417 2230 secundo
434 2169 556 2229 fulmine
571 2168 749 2227 abolebitur.
780 2167 923 2242 quicquid
944 2167 1067 2228 fulmine

89 2252 301 2314 denuntiatum
322 2261 384 2326 est,
414 2269 471 2312 nec
492 2253 569 2312 extis
590 2267 647 2311 nec
667 2268 725 2311 ave
746 2251 896 2312 contraria
912 2252 1067 2311 refellitur.

89 2339 124 2396 ln
142 2352 204 2412 quo
220 2337 291 2396 mihi
305 2338 366 2396 falli
381 2337 529 2395 videntur.
560 2343 676 2410 quare?
701 2338 771 2410 quia
787 2352 860 2395 vero
876 2337 979 2397 verius
995 2335 1096 2397 nihili

88 2429 147 2482 est.
185 2420 218 2479 Si
233 2436 306 2480 aves
322 2421 421 2480 futura
436 2421 624 2491 cecinerunt,
641 2435 697 2478 nec
711 2428 812 2493 potest
824 2419 883 2479 hoc
895 2420 1067 2492 auspicium

89 2505 216 2564 fulmina
230 2503 350 2564 inritum
364 2503 429 2562 fieri
446 2511 568 2562 autnon
584 2505 683 2562 futura
695 2504 878 2561 cecinerunt.
915 2503 1067 2561 nonenim

89 2602 174 2647 nunc
189 2603 276 2647 avom
292 2603 427 2662 conparo
444 2594 474 2646 et
489 2587 617 2658 fulmen,
641 2585 697 2644 sed
713 2587 773 2644 duo
788 2585 852 2643 veri
868 2582 970 2656 signa,
988 2599 1068 2656 quae

55 2714 59 2719 -
88 2670 116 2730 si
133 2685 239 2730 verum
255 2671 441 2745 significant,
464 2669 550 2745 paria
566 2678 645 2729 sunt.
674 2669 777 2743 itaque
792 2683 860 2727 cum
876 2666 1008 2725 fulminis
1023 2665 1067 2724 in·

88 2762 249 2814 terventus
265 2755 425 2814 submovet
441 2761 579 2813 extorum
597 2754 644 2811 vel
657 2750 775 2825 augurii
786 2750 912 2821 indicia,
933 2750 1011 2809 male
1023 2751 1067 2809 in·

90 2845 200 2912 specta
215 2846 298 2908 exta,
317 2839 395 2896 male
410 2845 532 2897 servata
548 2835 672 2910 auguria
687 2842 766 2894 sunt.
789 2850 850 2893 non
869 2834 949 2892 enim
965 2836 1066 2908 refert,

89 2921 188 2980 utrius
208 2921 251 2979 rei
270 2921 392 2995 species
408 2921 504 2979 maior
519 2918 558 2979 sit
572 2920 619 2978 vel
637 2927 743 2978 natura
759 2918 923 2992 potentior:
946 2918 972 2976 si
988 2926 1068 2978 utra·

90 3019 153 3079 qne
170 3019 222 3062 res
236 3005 300 3062 veri
315 3004 422 3064 adtulit
439 3005 541 3077 signa,
565 3009 708 3084 quantum
725 3002 850 3074 adhoc,
874 3019 930 3077 par
943 3010 999 3061 est.
1036 3001 1096 3066 Sis

90 3089 178 3147 dicas
201 3086 341 3146 flammae
361 3088 506 3147 maiorem
526 3084 587 3145 vim
603 3100 674 3144 csse
690 3101 779 3159 quarn
799 3086 885 3158 lurni,
910 3103 969 3146 non
985 3101 1068 3143 men-

89 3170 192 3231 tieris:
217 3171 272 3229 sed
288 3171 327 3230 ad
344 3171 537 3229 indicandum
552 3170 651 3242 ignem
666 3168 746 3227 idem
757 3171 839 3228 valet
850 3168 972 3228 flamma
985 3168 1069 3243 quod

91 3255 203 3313 fumus.
233 3254 335 3328 itaque
350 3254 374 3312 si
390 3254 449 3313 boe
465 3253 583 3313 dicunt:
613 3252 778 3326 „quotiens
793 3260 863 3311 exta
878 3253 958 3311 aliud
976 3251 1068 3325 signi—

90 3336 242 3409 ficabunt,
266 3337 347 3396 aliud
367 3338 506 3407 fulmina,
530 3335 685 3395 fulminum
703 3334 759 3396 erit
774 3335 937 3394 auctoritas
953 3333 1069 3392 maior“

91 3420 226 3479 fortasse
246 3419 445 3479 consentiam.
477 3419 503 3478 si
523 3418 582 3477 hoc
604 3418 725 3477 dicunt:
756 3418 863 3492 [quod]
884 3419 999 3489 „altera
1018 3429 1068 3473 res
