2346 3832
150 163 211 226 136
436 162 470 224 L.
491 162 636 221 ANNAEl
659 160 832 221 SENECAE

149 316 352 376 membrorum
369 315 500 391 turpium
515 320 567 373 aut
582 314 683 373 vilium
698 310 863 373 ministerio
877 310 1020 387 veniens,
1043 316 1127 377 exitu

119 402 250 462 eloedn.
286 399 341 458 llla
362 408 408 459 est
430 399 571 471 voluptas
586 407 616 457 et
636 397 756 456 homine
772 403 802 456 et
815 395 881 456 viro
897 397 989 472 digna
1003 414 1067 458 non
1082 399 1126 459 in-

149 486 234 558 plere
254 499 367 557 corpus
390 497 446 540 nec
465 482 607 555 saginare
621 495 679 539 nec
694 479 875 555 cupiditates
889 480 1027 555 inritare,
1050 498 1125 556 qua·

148 585 214 627 rum
234 565 386 626 tutissima
406 572 454 625 est
474 565 577 637 quies,
598 564 654 623 sed
673 561 898 637 perturbatione
912 579 1020 623 carere
1035 572 1066 624 et
1079 572 1127 639 ea,

149 667 241 725 quam
256 650 411 709 bominum
426 650 503 707 inter
519 663 554 706 se
567 648 728 706 rixantium
742 645 872 707 ambitus
887 647 1023 708 concutit
1038 656 1125 721 elea,

150 750 229 809 quae
251 731 449 792 intolerabilis
471 748 509 790 ex
531 731 591 790 alto
613 731 708 802 venit,
737 728 789 790 ubi
809 729 849 789 de
869 730 918 790 dis
940 731 1041 790 lamae
1060 745 1128 791 cre-

120 822 137 873 t
150 819 245 877 ditum
260 823 309 875 est
322 816 464 888 vitiisque
479 815 548 875 illos
567 815 680 874 nostris
694 812 931 879 aestimavimus.
967 815 1056 874 lianc
1072 831 1127 874 vo·

151 904 294 972 luptutem
309 898 485 971 aequalem,
508 897 702 972 intrepidam,
726 913 890 971 numquam
904 913 1066 958 sensuram
1077 896 1127 957 sui

39 1026 49 1041 .
149 982 282 1041 taedium
299 980 427 1054 percipit
440 981 504 1054 hic,
528 997 619 1055 quern
634 981 854 1050 deformamus,
878 996 970 1054 quam
984 982 1127 1054 maxime,

149 1075 182 1125 ut
196 1066 237 1122 ita
252 1064 366 1137 dicam,
389 1066 483 1124 divini
497 1065 571 1124 iuris
586 1074 676 1138 atque
691 1063 813 1122 humani
829 1064 953 1137 peritus.
976 1064 1026 1124 hic
1037 1079 1127 1139 prae·

151 1148 288 1208 sentibus
309 1148 437 1223 gaudet,
461 1165 500 1207 ex
522 1149 622 1208 tuturo
639 1164 700 1206 non
714 1147 842 1222 pendet=
865 1147 938 1205 nihil
953 1148 1034 1207 enim
1048 1147 1127 1207 firmi

149 1232 255 1303 habet,
273 1233 323 1306 qui
338 1233 368 1290 in
383 1232 498 1291 incerta
513 1234 686 1306 propensus
701 1238 757 1290 est.
790 1230 909 1304 Magnis
923 1231 1029 1306 itaque
1044 1231 1126 1292 curis

151 1324 311 1391 exemptus
326 1324 357 1375 et
371 1315 632 1390 distorquentibus
654 1322 782 1375 mentem
797 1313 870 1372 nihil
885 1321 991 1389 sperat
1004 1321 1058 1374 aut
1074 1330 1125 1373 cu-

121 1400 195 1475 epit
217 1416 275 1459 nec
299 1415 334 1458 se
354 1398 441 1458 mittit
462 1400 491 1456 in
512 1398 637 1457 dubium
657 1414 715 1458 suo
741 1403 911 1458 contentus.
953 1398 1018 1457 Nec
1043 1397 1126 1457 illurn

151 1484 306 1542 existimas
329 1498 425 1554 parvo
446 1497 518 1540 esse
533 1489 722 1542 contentum:
744 1481 845 1542 omnia
858 1479 940 1541 illius
956 1488 1043 1554 sunt,
1064 1496 1127 1541 non

150 1565 194 1625 sic
212 1565 467 1639 quemadmodum
482 1565 649 1624 Alexandri
665 1567 792 1625 luerunt.
813 1564 877 1638 cui,
893 1581 1081 1638 quamquam
1096 1564 1128 1623 in

149 1650 236 1707 litore
247 1646 329 1706 rubri
341 1647 433 1707 maris
446 1654 585 1721 steterat,
601 1650 670 1723 plus
683 1649 796 1722 deerat,
813 1663 904 1722 quam
915 1663 977 1721 qua
987 1655 1125 1711 veneral.

149 1731 228 1789 illius
245 1744 283 1788 ne
297 1746 336 1789 ea
351 1730 474 1804 quidem
489 1740 589 1803 erant,
613 1748 692 1805 quae
707 1731 829 1792 tenebat
843 1730 1040 1805 euinceret,
1057 1747 1127 1793 cum

149 1813 179 1873 in
202 1830 317 1873 oceano
340 1813 529 1875 Onesicritus
551 1817 737 1890 praemissus
759 1815 935 1889 explorator
956 1822 1075 1875 erraret
1088 1821 1128 1874 -el

120 1899 229 1969 abella
244 1899 273 1957 in
289 1899 391 1972 ignoto
406 1900 483 1958 mari
499 1906 667 1974 quaereret.
702 1900 769 1959 Non
786 1899 860 1957 satis
875 1897 1048 1972 adparebat
1062 1898 1126 1958 ino·

149 2000 220 2058 pern
242 1999 328 2057 esse,
353 1984 403 2057 qui
425 1990 511 2043 extra
533 1991 658 2043 naturae
678 1984 823 2042 terminos
845 1997 930 2041 arma
954 1983 1127 2056 prolerreta

150 2068 202 2141 qui
217 2084 252 2126 se
268 2068 298 2125 in
314 2067 497 2141 protundum
512 2067 734 2140 inexploratum
750 2072 779 2125 et
794 2065 965 2125 inmensum
980 2064 1127 2125 aviditate

149 2165 242 2208 caeca
264 2165 391 2223 prorsus
414 2149 596 2209 inmitteret?
631 2149 709 2223 Quid
729 2149 867 2221 interest,
891 2155 966 2223 quot
980 2147 1128 2223 eripuerit

148 2247 259 2304 regna,
282 2239 356 2305 quot
378 2232 510 2305 dederit,
534 2241 677 2306 quantum
700 2241 844 2292 terrarum
860 2231 970 2292 tributo
987 2237 1129 2307 premat?

150 2322 263 2373 tantum
278 2315 319 2373 illi
335 2316 435 2389 deest,
459 2324 605 2389 quantum
620 2317 712 2391 cupit.

121 2405 135 2456 t
210 2398 258 2457 lli.
287 2399 349 2458 Nec
368 2399 535 2458 Alexandri
557 2408 670 2460 tantum
690 2400 792 2459 vitium
808 2398 877 2471 init,
899 2414 990 2473 quem
1007 2414 1064 2473 per
1078 2398 1126 2457 Li·

148 2484 212 2543 beri
224 2484 427 2557 Herculisque
439 2483 566 2558 vestigia
578 2484 649 2542 ielix
662 2483 814 2543 temeritas
826 2483 896 2556 egit,
912 2482 968 2542 sed
980 2482 1125 2555 omniunt,

149 2585 228 2641 qnos
251 2570 370 2630 iortuna
392 2567 523 2627 inritavit
542 2565 696 2640 inplendo.
734 2566 846 2644 Cyrum
864 2574 894 2625 et
907 2564 1083 2643 Cambysen
1098 2572 1128 2625 et

149 2658 242 2711 totum
257 2653 342 2726 regni
354 2653 468 2712 Persici
482 2660 609 2711 stemma
622 2665 786 2724 percenses
809 2664 899 2723 quem
911 2648 1063 2724 invenies,
1078 2649 1126 2709 cui

148 2735 271 2792 modum
293 2736 412 2809 imperii
436 2736 560 2795 satietas
577 2734 703 2794 lecerit?
725 2734 776 2808 qui
791 2731 960 2797 nonvitam
977 2731 1007 2792 in
1022 2732 1126 2808 aliqua

148 2815 273 2874 ulterius
296 2819 484 2891 procedendi
508 2819 691 2892 cogitatione
711 2816 842 2876 finierit?
876 2831 935 2877 nac
960 2816 993 2877 id
1017 2815 1126 2876 mirum

148 2902 211 2954 est:
243 2899 388 2973 quicquid
416 2901 572 2976 cupiditati
598 2899 758 2975 contingit,
789 2900 908 2975 penitus
934 2899 1073 2960 hauritur
1096 2906 1127 2959 et

149 2980 304 3052 conditur,
333 2998 390 3041 nec
411 2985 554 3058 interest,
584 2993 729 3060 quantum
750 3000 801 3056 ea,
831 2982 915 3058 quod
941 2982 1126 3058 inexplebile

114 3069 131 3119 a
146 3068 207 3134 est,
228 3079 388 3137 congeras.
421 3068 508 3128 Unus
523 3077 571 3129 est
585 3070 725 3144 sapiens,
747 3068 833 3127 cuius
850 3065 952 3126 omnia
966 3074 1054 3141 sunt,
1068 3079 1125 3125 nec

147 3162 187 3205 ex
203 3147 318 3205 difficili
333 3151 456 3209 tuenda.
480 3168 541 3212 non
556 3152 648 3212 habet
662 3151 825 3210 mittendos
842 3156 924 3209 bans
936 3148 1034 3210 maria
1045 3152 1123 3223 lega-

145 3237 194 3290 tos
216 3245 272 3289 ncc
293 3233 434 3292 metanda
455 3234 484 3292 in
505 3235 581 3309 ripis
604 3234 764 3295 hostilibus
786 3239 901 3305 castra,
931 3249 996 3293 non
1011 3246 1122 3308 oppor-

146 3312 228 3374 tunis
245 3314 377 3373 castellis
394 3316 588 3391 disponenda
600 3315 762 3393 praesidia.
778 3333 839 3377 non
851 3332 933 3389 opus
946 3324 994 3377 est
1004 3315 1123 3391 legione

146 3414 204 3459 nec
227 3397 422 3474 equestribus
449 3401 563 3459 turmis.
607 3400 867 3472 Quemadmodum
893 3397 924 3456 di
948 3399 1122 3460 inmortales

146 3499 273 3558 regnum
295 3482 427 3542 inermes
447 3490 557 3556 regunt
576 3488 607 3540 et
626 3482 684 3540 illis
706 3496 806 3541 rerum
827 3496 953 3541 suarum
979 3498 1020 3543 ex
1045 3482 1122 3543 edito
