2364 3840
163 197 225 261 124
448 198 482 256 t.
504 196 651 256 ANNAEI
674 195 850 256 SENECAE

160 350 304 422 luissent,
324 356 357 409 ut
370 358 451 410 tutus
467 352 587 409 esses.“
621 347 752 408 Primum
769 347 975 409 certum-mihi
987 357 1077 425 optas
1087 364 1130 425 pe

159 436 288 494 riculum
310 432 368 493 sub
391 433 505 493 incerto
532 432 655 492 auxilio.
696 431 814 492 Deinde
839 439 1005 509 utrumque
1028 443 1130 494 certum

133 525 251 593 apula:
274 517 360 592 quod
380 522 471 576 nocet
491 516 576 591 prius
596 524 652 575 est.
691 515 853 575 Praeterea
872 522 906 576 tu
927 515 1130 577 condicionem

162 601 225 661 voti
245 600 289 660 tui
309 599 405 660 nosti:
432 615 481 659 me
504 606 670 674 tempestas
692 598 854 674 occupavit
874 605 986 674 portus
1001 614 1041 659 ae
1056 614 1131 676 prae

163 685 232 744 sidii
248 683 381 743 dubium.
404 689 549 756 quantum
565 681 721 742 existimas
739 688 936 754 tormentum,
957 683 1079 744 etiamsi
1091 697 1131 742 ao·

163 782 292 842 cepero,
323 765 473 840 eguisset
508 765 625 824 etiamsi
649 773 791 826 servatus
816 766 921 838 luero,
951 767 1133 842 trepidasset

163 849 281 909 etiamsi
303 848 463 908 absolutus
479 849 580 920 tuero,
602 864 727 908 eausam
743 849 883 908 dixisset
909 849 1031 911 Nullius
1045 856 1132 909 metus

162 941 224 990 tam
245 938 350 1006 gratus
370 940 418 992 est
437 932 523 1005 finis,
545 939 578 991 ut
599 948 658 991 non
680 933 794 1007 gratior
814 934 854 992 sit
873 933 976 993 solida
991 942 1024 995 et
1040 933 1133 994 incon·

133 1025 257 1080 scussa
273 1016 433 1075 securitas.
467 1014 545 1090 Opta
559 1022 592 1075 ut
604 1017 736 1075 reddere
747 1015 820 1075 mibi
831 1016 1018 1077 beneficium
1029 1016 1133 1093 possis

163 1115 232 1158 eum
249 1114 330 1173 opus
345 1100 415 1171 erit,
438 1116 499 1159 non
515 1106 549 1158 ut
560 1115 638 1174 opus
654 1099 703 1159 sit.
741 1098 773 1159 st
790 1100 914 1160 essetin
926 1107 979 1160 tua
992 1106 1134 1177 potestate

164 1183 248 1257 quod
264 1191 368 1257 optas,
392 1184 460 1257 ipse
475 1184 615 1243 fecisses.

134 1279 150 1331 1
223 1266 328 1327 XXlX.
359 1267 476 1341 Quanto
492 1266 551 1326 hoc
566 1267 726 1327 honestius
741 1274 846 1326 votum
860 1273 924 1326 est:
947 1268 1134 1342 „optoineo

164 1358 245 1410 statu
259 1352 311 1425 sit,
335 1366 396 1426 quo
413 1366 536 1424 semper
549 1351 698 1410 beneficia
710 1350 886 1426 distribuat,
907 1366 1076 1425 numquam
1090 1349 1133 1408 de

164 1435 287 1494 sideret.
317 1441 465 1508 sequatur
486 1433 569 1492 illum
590 1433 730 1506 materia,
755 1450 816 1510 qua
831 1442 890 1493 tam
904 1434 1039 1509 benigne
1052 1434 1135 1495 utitur

164 1518 321 1591 largiendo
336 1517 549 1591 iuvandoque,
572 1524 605 1577 ut
621 1534 786 1592 numquam
799 1517 841 1577 ilii
856 1518 895 1577 sit
905 1516 1079 1578 dandorum
1091 1517 1135 1575 be

163 1600 343 1661 nefieiorum
356 1601 476 1674 inopia,
500 1600 640 1661 datorum
661 1599 855 1675 poenitentia.
883 1607 1024 1661 naturam
1040 1615 1095 1676 per
1106 1613 1135 1659 se

161 1700 291 1758 pronam
304 1684 343 1742 ad
357 1683 615 1757 misericordiam,
636 1684 867 1754 humanitatem,
891 1684 1083 1745 elementiam
1097 1683 1133 1742 in·

162 1767 231 1826 ritet
246 1781 282 1824 ac
298 1775 447 1840 provocet
460 1767 548 1826 turba
562 1775 730 1842 gratorum,
748 1784 828 1842 quos
843 1768 885 1827 illi
897 1774 928 1827 et
941 1765 1059 1828 habere
1071 1781 1134 1828 con·

162 1850 258 1924 tingat
278 1865 335 1909 nee
352 1851 486 1926 experiri
501 1866 631 1912 necesse
645 1852 692 1911 sit.
713 1851 782 1925 ipse
799 1851 873 1911 nulii
888 1851 1082 1925 inplacabilis
1095 1850 1136 1923 sit,

162 1934 222 2008 ipsi
242 1949 332 1993 nemo
354 1935 532 2009 placandus.
559 1942 618 1995 tam
640 1935 761 2009 aequali
776 1936 806 1994 in
822 1950 891 1994 eum
906 1935 1031 1995 fortuna
1045 1934 1135 1994 indul·

163 2018 264 2092 gentia
280 2026 471 2091 perseveret,
495 2025 527 2077 ut
543 2019 680 2078 nemoin
699 2019 782 2078 illum
799 2019 981 2094 possitesse
997 2019 1058 2080 nisi
1070 2032 1134 2078 con·

133 2100 291 2166 tseientib
307 2106 443 2174 gratus.“
476 2100 594 2173 Quanto
610 2103 686 2161 baec
702 2100 830 2162 iustiora
840 2109 913 2161 vota
924 2109 1007 2173 sunt,
1023 2107 1136 2177 quaele

162 2186 192 2243 in
215 2183 326 2241 nullam
349 2185 543 2243 occasionem
565 2185 722 2257 differunt,
751 2186 808 2245 sed
828 2194 947 2259 gratum
970 2188 1074 2246 statim
1098 2187 1135 2244 la·

164 2269 266 2325 ciunt?
292 2265 365 2339 quid
391 2267 471 2325 enim
486 2268 629 2342 prohibet
648 2271 763 2328 reierre
776 2270 903 2343 gratiam
919 2269 1082 2344 prosperis
1094 2283 1136 2328 re

162 2348 243 2409 bust
265 2366 355 2423 quam
368 2351 461 2409 multa
473 2357 551 2424 sunt,
568 2368 723 2426 peronae,
739 2353 884 2428 quicquid
898 2353 1058 2426 debemus,
1073 2351 1135 2412 red·

163 2434 237 2493 dere
249 2435 339 2493 etiam
351 2434 490 2494 felicibus
504 2442 693 2510 possumus?
714 2436 805 2495 fidele
818 2435 995 2510 consilium,
1011 2436 1135 2497 adsidua

163 2517 372 2592 conversatio,
402 2536 502 2580 sermo
526 2521 621 2579 comis
643 2528 673 2579 et
694 2520 761 2578 sine
781 2520 956 2580 adulatione
977 2518 1134 2589 iucundus

163 2618 270 2676 aures,
298 2602 323 2662 si
344 2602 506 2662 deliberari
529 2604 617 2676 velit,
647 2604 822 2678 diligentes,
849 2610 933 2664 tutae
954 2605 981 2664 si
1004 2605 1133 2664 eredere

163 2687 335 2758 [convictus
357 2687 566 2759 familiaritas]
602 2687 758 2747 Neminem
778 2695 840 2746 tam
856 2689 916 2746 alte
930 2688 1072 2748 secunda
1085 2702 1134 2762 po

163 2777 304 2840 suerunt,
336 2777 449 2829 utnon
473 2771 514 2830 illi
536 2788 573 2831 eo
595 2772 691 2846 magis
712 2771 829 2830 amicus
851 2771 944 2845 desit,
974 2772 1048 2846 quia
1069 2768 1136 2830 nihil

163 2851 252 2910 absit.

135 2948 149 2996 1
223 2933 314 2991 XXX.
342 2935 404 2995 ista
425 2938 519 2996 tristis
541 2945 570 2997 et
592 2937 673 2997 omni
694 2946 766 2998 voto
788 2936 1002 2997 submovenda
1015 2938 1134 2998 occasio

162 3032 198 3075 ac
221 3019 326 3090 procul
347 3021 539 3093 repellenda:
569 3029 601 3081 ut
621 3029 725 3096 gratus
748 3037 819 3081 esse
839 3021 959 3097 possis,
984 3019 1071 3082 iratis
1092 3018 1134 3079 dis

162 3115 241 3172 opus
257 3107 313 3159 est.
348 3102 411 3161 Nec
426 3118 464 3162 ex
477 3104 536 3164 troc
549 3105 673 3179 quidem
689 3120 818 3180 peccare
829 3111 859 3164 te
871 3103 1038 3180 intellegis,
1056 3101 1135 3180 quod

161 3184 269 3242 melius
288 3200 355 3243 cum
378 3201 415 3246 eo
436 3187 549 3261 agitur,
573 3187 621 3248 cui
639 3189 773 3262 ingratus
790 3195 846 3248 est
881 3188 1024 3261 Propone
1039 3187 1134 3248 animo

159 3273 212 3326 tuo
231 3282 400 3342 carcerem,
422 3271 557 3343 vincula,
574 3273 700 3346 sordes,
718 3272 907 3343 servitutem,
923 3271 1054 3346 betium,
1069 3285 1134 3345 ege·

161 3356 278 3409 statem.
301 3351 377 3411 baec
394 3361 465 3413 sunt
479 3355 660 3415 occasiones
677 3356 738 3415 voti
752 3357 810 3429 tuiz
833 3355 941 3429 siquis
954 3362 1055 3415 tecum
1068 3368 1134 3414 con·

131 3434 263 3507 ttraxit,
295 3450 350 3508 per
370 3437 429 3497 ista
449 3437 614 3498 dimittitur·
657 3439 733 3512 Quin
759 3439 862 3514 potius
888 3453 958 3497 eum
982 3445 1135 3513 potentem
