2364 3840
171 182 233 246 110
457 180 490 240 L.
512 180 658 239 ANNAEI
681 178 857 239 SENECAE

170 335 311 396 aeficium
325 340 426 392 manet
440 348 497 392 nec
512 333 654 404 debetur,
676 333 702 392 si
718 340 823 392 secuta
838 323 885 394 est
898 334 1024 396 dantem
1044 335 1149 412 poeni-

169 420 276 490 tentia,
298 418 324 478 si
336 418 481 477 miserum
493 431 528 477 se
539 415 629 488 dixit,
647 416 731 490 qnod
743 415 896 491 dedisset,
911 417 955 492 si,
971 434 1043 479 cum
1056 421 1149 494 daret,

168 500 350 578 suspiravit,
373 501 486 560 voltum
502 499 643 573 adduxit,
666 500 796 574 perdere
810 515 846 560 se
857 500 1003 575 credidit,
1021 519 1084 563 non
1097 504 1147 564 do

168 602 250 647 nare.
280 586 306 644 si
322 601 379 645 sua
393 600 489 644 causa
503 592 554 644 aut
569 592 651 644 certe
666 580 727 642 non
742 599 812 644 mea
825 584 917 645 dedit
939 585 967 645 si
980 601 1045 646 non
1062 587 1148 648 desiit

167 672 328 742 insultare,
354 667 478 742 gloriari
503 674 533 726 et
552 667 667 741 ubique
687 667 802 727 iactare
822 675 853 728 et
871 668 1018 730 acerbum
1038 686 1148 732 munus

138 755 154 815 7
167 770 256 815 suum
274 755 384 812 iacere.
421 750 523 809 Manet
538 750 735 823 beneficium,
756 752 896 825 quamvis
912 767 975 812 nou
990 753 1145 826 debeatur,

167 838 256 898 sicuti
272 835 424 910 quaedam
439 834 604 909 pecuniae,
625 834 665 893 de
680 832 791 908 quibus
806 833 855 895 ius
870 835 1016 896 creditori
1030 853 1095 898 non
1105 837 1144 898 di·

167 921 257 991 citur,
280 917 429 978 debentur
443 918 499 978 sed
514 932 574 976 non
589 917 761 992 exiguntur.

139 1021 152 1071 1
227 1004 265 1062 V.
291 1000 430 1075 „Dedisti
449 1000 646 1074 beneficium,
674 1000 814 1061 iniuriam
839 1010 948 1076 postea
973 1003 1093 1064 iecisti:
1118 1012 1159 1064 et·

166 1085 316 1146 beneficio
339 1086 435 1161 gratia
459 1084 587 1145 debetur
606 1092 636 1144 et
657 1085 785 1145 iniuriae
806 1085 911 1146 uitio.“
953 1087 1019 1148 Nec
1033 1103 1093 1163 ego
1107 1088 1143 1149 iiii

165 1171 292 1245 gratiam
314 1170 413 1230 debeo
433 1184 491 1229 nec
509 1168 560 1229 ilie
581 1168 653 1226 mihi
669 1184 816 1242 poenam:
839 1170 914 1231 atter
928 1169 967 1230 ab
982 1171 1082 1233 altero
1096 1173 1142 1232 ab

136 1253 302 1321 ascivitur.
341 1255 413 1314 cum
428 1252 573 1313 dicimus:
595 1252 778 1311 beneficium
795 1251 838 1311 itti
851 1253 988 1324 reddidi,
1011 1271 1076 1317 non
1090 1255 1146 1316 boc

166 1339 309 1410 dicimus,
329 1337 405 1398 illud
419 1353 493 1408 nos,
518 1335 603 1410 quod
617 1351 852 1410 acceperamus,
877 1337 1072 1411 reddidisse,
1093 1339 1141 1399 sed

165 1423 254 1483 atiud.
269 1439 325 1497 pro
346 1421 408 1481 itio.
437 1420 604 1479 reddere
625 1419 706 1479 enim
727 1427 774 1480 est
794 1435 870 1479 rem
893 1437 961 1495 pro
982 1439 1024 1484 re
1048 1423 1142 1483 dare.

165 1506 292 1580 quidnit
313 1520 382 1564 cum
397 1504 496 1563 omnis
511 1503 622 1563 soiutio
637 1519 698 1563 non
711 1503 791 1564 idem
804 1503 928 1577 reddat,
946 1506 1005 1566 sod
1017 1513 1140 1568 tantum·

165 1590 245 1650 dem.
271 1603 341 1647 nam
355 1595 386 1648 et
399 1587 560 1662 pecuniam
575 1585 705 1646 dicimur
719 1587 909 1660 reddidisse,
933 1591 1080 1663 quamvis
1092 1607 1141 1649 nu-

165 1672 381 1730 meraverimus
404 1687 459 1744 pro
481 1670 633 1744 argenteis
655 1685 783 1742 aureos,
813 1670 954 1745 quamvis
976 1689 1040 1733 non
1058 1673 1142 1734 inter-

165 1756 302 1814 venerint
317 1755 445 1822 nummi,
469 1753 526 1814 sed
541 1753 731 1827 delegatione
747 1762 777 1814 et
792 1753 895 1814 verbis
910 1757 1051 1830 perfecta
1066 1758 1140 1818 solu·

135 1836 205 1900 atio
227 1838 276 1897 sit.
312 1835 657 1898 Vide1·ismihidicere=
683 1837 810 1912 „Perdis
827 1853 964 1911 operam.
997 1856 1141 1916 quorsum

164 1921 244 1980 enim
265 1921 396 1997 pertinet
417 1921 498 1982 scire
519 1935 581 1993 me,
604 1937 643 1980 an
658 1929 792 1992 maneat,
816 1923 901 1996 quod
917 1939 979 1982 non
996 1924 1142 1986 debetart

162 2005 447 2066 iurisconsultorum
462 2005 539 2064 istae
552 2004 686 2078 ineptiae
701 2012 770 2065 sunt
784 2012 907 2081 acutae,
924 2006 978 2081 qui
992 2007 1141 2069 heredita·

163 2096 221 2149 tem
243 2097 356 2164 negant
377 2089 505 2161 usucapi
532 2103 641 2162 posse,
669 2090 726 2148 sed
750 2103 789 2148 ea
814 2104 894 2164 quae
919 2089 950 2148 in
976 2091 1142 2153 hereditate

164 2179 248 2243 suat,
277 2178 430 2246 tamquam
457 2171 621 2246 quicquam
646 2170 728 2231 atiud
753 2172 792 2231 sit
813 2172 968 2234 hereditas
990 2191 1084 2248 quam
1108 2189 1142 2234 ee

134 2253 243 2328 aquae
259 2255 288 2312 in
303 2253 469 2316 hereditate
481 2261 560 2314 sunt.
596 2255 670 2315 Illud
684 2255 785 2329 potius
797 2256 869 2315 mihi
881 2257 1045 2333 distingue,
1062 2258 1141 2334 quod

163 2345 266 2411 potest
279 2337 320 2397 ad
333 2352 398 2397 rem
413 2337 580 2412 pertinere,
597 2338 758 2398 cumidem
772 2337 864 2399 homo
875 2340 1062 2406 beneficium
1072 2340 1142 2402 mibi

163 2420 247 2482 dedit
266 2429 297 2480 et
317 2429 426 2496 postea
447 2421 518 2481 iecit
539 2422 692 2494 iniuriam,
716 2428 816 2482 utrum
838 2430 868 2482 et
891 2423 1077 2486 beneficium
1100 2423 1141 2484 itii

160 2505 292 2566 reddere
311 2505 440 2566 debeam
462 2511 492 2564 et
512 2521 559 2564 me
580 2506 618 2566 ab
640 2506 691 2565 iilo
712 2505 906 2567 nihilominus
929 2508 1089 2569 vindicare
1107 2522 1141 2568 ac

160 2590 253 2649 vetuti
275 2589 397 2650 duobus
414 2589 586 2650 nominibus
602 2588 768 2663 separatim
783 2592 990 2665 respondere,
1013 2608 1054 2652 an
1070 2593 1140 2653 alte.

160 2690 227 2733 rum
250 2674 336 2734 alteri
357 2671 550 2734 contribuere
566 2679 596 2732 et
615 2671 688 2732 nihii
703 2673 816 2747 negotii
830 2674 959 2748 habere,
979 2682 1013 2735 ut
1026 2674 1140 2736 benefi-

162 2758 240 2816 cium
263 2756 373 2816 iniuria
391 2757 527 2828 tollatur,
550 2756 700 2815 beneficio
719 2757 837 2817 iniuria.
865 2757 940 2818 iliud
954 2759 1037 2818 enim
1051 2759 1140 2819 video

161 2840 191 2898 in
207 2840 267 2898 hoc
281 2840 349 2899 soro
362 2838 443 2898 fieri:
467 2837 541 2913 qaid
555 2839 585 2897 in
601 2845 703 2898 vestra
717 2839 825 2899 schola
835 2840 909 2902 iuris
921 2841 974 2912 sit,
990 2859 1050 2903 vos
1063 2843 1140 2904 scia·

133 2923 210 2984 otis.
249 2922 436 2996 Separantur
456 2922 609 2995 actiones,
631 2929 660 2982 et
680 2923 719 2982 de
740 2939 777 2984 eo
797 2926 905 2999 [quod]
921 2923 1041 3000 agimus
1057 2930 1088 2987 et
1103 2926 1141 2985 dc

161 3021 198 3066 eo
210 3005 488 3079 nobiscumagitur.
512 3021 573 3065 non
587 3006 940 3069 contundituriormuia=
959 3009 1048 3085 siqui
1059 3008 1139 3085 apud

162 3105 210 3149 me
230 3088 391 3164 pecuniam
407 3089 601 3164 deposuerit,
623 3089 702 3150 idern
718 3091 792 3152 mihi
806 3099 915 3167 postea
932 3093 1046 3154 furtum
1061 3093 1139 3152 tece-

160 3171 214 3246 rit,
234 3178 264 3231 et
277 3187 335 3246 ego
352 3187 420 3231 cum
438 3173 489 3232 illo
505 3174 575 3232 furti
588 3188 677 3248 agam
692 3181 722 3233 et
735 3175 784 3235 iiie
799 3192 919 3237 mecum
933 3176 1100 3252 depositi.“

136 3264 149 3314 t
222 3256 275 3315 vt.
305 3255 388 3328 Quae
410 3256 612 3331 proposuisti,
640 3258 680 3318 mi
700 3257 861 3334 Liberalis,
884 3263 1027 3335 exempta
1050 3259 1140 3321 certis

162 3339 281 3413 legibus
297 3340 503 3415 continentur,
526 3358 603 3416 quas
616 3357 745 3402 necesse
757 3349 805 3402 est
815 3344 918 3418 sequi:
941 3344 994 3403 lex
1003 3345 1069 3420 legi
1077 3358 1138 3404 noa

159 3423 313 3483 miscetur.
341 3431 469 3500 utraque
492 3425 617 3485 suavia
638 3425 672 3486 it:
696 3424 974 3500 depositumbabet
987 3430 1138 3490 actionem
