2364 3840
115 120 179 183 204
402 118 434 177 L.
457 116 605 176 ANNAEI
628 114 803 175 SENECAE

116 278 246 348 ponant,
270 270 321 330 ubi
335 269 452 344 aliquid
467 269 583 344 percuti
601 268 707 339 debet,
731 282 769 327 ne
784 269 850 330 ievi
865 268 992 344 quidem
1007 287 1091 330 suum

116 357 190 417 satis
206 371 277 415 esse
293 354 463 414 eonsilium.

87 463 102 516 1
176 452 280 512 thv.
313 453 346 510 ln
367 451 426 511 hoe
448 465 572 525 queque
592 457 651 509 tam
672 449 793 524 inperiti
814 466 875 510 non
897 452 1034 526 fuerunt,
1062 459 1092 512 ut

115 539 218 596 levem
234 536 443 595 existimarent
457 535 516 593 tela
530 541 656 594 mutare.
681 533 831 608 poetieam
847 535 929 595 istud
943 535 1090 596 licentiam

116 622 220 680 decet:

177 704 232 762 Est
244 702 331 761 aliud
341 703 433 760 levius
444 699 576 772 fulmen,
598 702 648 760 edi
661 701 770 760 dextra
787 701 947 776 cyclopum

176 788 316 846 saevitiae
327 788 526 858 flammaeque
540 787 651 856 minue,
672 786 769 845 minue
783 785 903 844 addidit
916 788 1003 847 irae:

177 873 234 930 tela
248 870 380 928 secunda
395 875 502 928 vocant
515 871 625 943 superi.

85 955 186 1014 alitos
209 968 282 1012 vero
303 952 469 1011 altissimos
490 953 574 1012 vires
595 968 681 1010 error
696 953 753 1011 iste
768 968 827 1011 nee
846 953 960 1026 tenuit,
983 960 1017 1013 ut
1030 954 1089 1012 exi·

114 1039 271 1097 stimarent
285 1035 388 1096 levem
403 1037 495 1096 mede
511 1037 721 1110 wadardus,
744 1037 840 1107 mede]
856 1035 1025 1098 levioribus
1037 1038 1088 1097 iui-

113 1120 245 1181 minibus
262 1128 291 1180 et
305 1119 428 1181 lusoriis
444 1121 496 1180 uti.
519 1119 575 1178 sed
584 1120 752 1178 admonere
765 1119 927 1179 vetuerunt
938 1135 1010 1191 ees,
1028 1121 1088 1196 qui-

115 1206 172 1266 bus
193 1207 342 1264 adversus
364 1212 490 1279 peecata
513 1203 668 1262 hominum
695 1203 912 1262 fulminandum
939 1212 1003 1277 est,
1031 1221 1088 1264 neu

114 1290 337 1351 eodemmodo
360 1287 461 1348 emnia
481 1301 553 1346 esse
574 1287 785 1360 percutienda:
809 1287 963 1361 quaedam
986 1289 1088 1362 stringi

115 1373 243 1447 debere,
270 1371 420 1446 quaedam
440 1370 511 1430 elidi
532 1385 568 1428 ae
584 1369 736 1445 distringi,
755 1370 907 1445 quaedam
923 1372 1087 1432 admoneri.

87 1491 101 1541 1
174 1483 264 1541 XLV.
286 1482 330 1541 Ne
343 1480 404 1541 hee
417 1481 540 1557 quidem
553 1481 760 1555 erediderunt,
782 1481 901 1554 lovem,
916 1483 1047 1557 qualem
1059 1482 1088 1541 iu

114 1567 262 1642 Capitalia
277 1571 307 1624 et
323 1565 352 1622 in
368 1566 478 1624 ceteris
493 1565 621 1624 aedibus
637 1565 780 1638 colimus,
800 1564 918 1623 mittere
933 1581 1024 1625 manu
1035 1567 1087 1624 iui-

112 1651 208 1720 mina‚
239 1648 296 1707 sed
325 1649 509 1721 eumdem,
541 1664 648 1723 quem
674 1665 758 1721 ηοε,
780 1649 908 1708 levem
932 1649 1087 1709 intelie-

113 1741 219 1808 gunt,
251 1740 442 1792 reatorem
471 1733 753 1806 custodemque
784 1731 979 1807 universi,
1012 1734 1086 1792 ani-

112 1835 206 1878 mum
231 1832 274 1876 ee
300 1816 480 1892 spiritum
503 1818 647 1888 mundi,
678 1816 811 1891 operis
832 1815 947 1876 huius
971 1815 1086 1876 donti-

86 1908 197 1962 dnum
227 1908 263 1960 et
292 1900 496 1972 artificem,
528 1902 576 1959 cui
598 1916 709 1960 nemen
732 1914 822 1959 enine
843 1901 998 1961 convenit.
1034 1901 1089 1959 Vis

42 2026 51 2055 .
113 1988 197 2045 ilium
218 1985 334 2044 iatum
357 1999 483 2043 vocare:
507 2001 568 2043 neu
590 1983 715 2044 errabis.
738 1982 788 2043 hie
803 1991 865 2057 est,
887 1998 928 2043 ex
944 2000 1006 2060 quo
1022 2000 1087 2046 sus-

113 2084 210 2144 pensa
236 2074 307 2125 sunt
338 2065 452 2138 omnia,
488 2082 583 2126 eausa
613 2083 783 2127 causarum.
817 2067 863 2126 vis
890 2066 973 2127 iiiam
1003 2085 1086 2144 pre-

112 2151 320 2210 videntiam
347 2149 467 2207 dicere:
496 2157 578 2208 reete
597 2150 691 2209 dices.
720 2159 768 2210 est
788 2151 882 2223 enim,
906 2152 996 2212 euius
1017 2169 1085 2212 een-

114 2235 180 2292 siiio
196 2231 266 2290 huie
282 2231 395 2291 munde
413 2232 597 2305 providetur,
620 2241 653 2292 ut
667 2234 837 2294 inoffensus
852 2244 943 2295 exeat
959 2242 989 2295 et
1004 2243 1087 2296 aetus

83 2318 187 2376 3su0s
208 2315 349 2389 explicet.
380 2316 425 2374 vis
446 2315 529 2375 ilium
551 2324 726 2377 naturam
747 2333 875 2378 vocarer
898 2334 960 2378 nen
982 2334 1074 2395 peeee

112 2400 182 2459 bis.
212 2399 261 2459 hie
283 2407 345 2472 est,
368 2415 407 2458 ex
429 2416 490 2476 quo
505 2409 575 2461 nata
594 2408 664 2460 suut
679 2402 793 2475 emnia,
816 2402 904 2462 euius
921 2404 1031 2478 spiritu
1047 2403 1083 2461 vi·

112 2483 221 2545 vimus.
254 2485 300 2545 vis
321 2486 404 2544 iilum
424 2500 537 2544 veeare
563 2485 753 2544 muudum:
782 2501 842 2545 nun
864 2485 990 2546 felleris.
1021 2487 1086 2562 ipse

113 2570 193 2629 enim
208 2578 257 2631 est
269 2570 328 2629 hoe
345 2570 428 2645 quod
442 2569 530 2628 vides
545 2576 654 2642 totum,
678 2569 814 2643 partibus
829 2569 896 2628 suis
908 2570 1038 2644 inditus,
1058 2575 1084 2628 et

68 2692 73 2705 ,
113 2669 147 2711 se
168 2655 322 2713 sustinens
345 2662 375 2713 et
395 2670 461 2713 sua.
498 2654 581 2712 idem
603 2652 740 2720 Etruscis
761 2653 1083 2728 [queque1visumest

113 2743 143 2794 et
162 2736 232 2795 ideo
253 2738 376 2796 iuimina
393 2737 534 2797 dixerunt
551 2738 623 2796 mitti
637 2754 655 2797 a
669 2738 757 2810 Iove,
780 2738 853 2810 quia
867 2737 934 2797 sine
949 2739 1000 2799 iiio
1016 2735 1082 2796 nihii

112 2819 235 2891 geritur.

174 2935 277 2994 XLVI.
301 2939 374 3007 „At
394 2938 950 3014 quarelupiterautierienda
966 2946 1080 2999 traus-

112 3019 141 3077 it
168 3025 232 3077 aut
258 3019 420 3078 innoxia
447 3021 588 3080 ieritt“
628 3023 662 3080 ln
690 3022 835 3082 maiorem
862 3037 911 3080 me
932 3019 1082 3097 quaestio-

112 3118 181 3161 nem
201 3117 310 3173 voees‚
336 3101 384 3160 eui
406 3118 481 3161 suus
502 3104 583 3176 dies,
614 3121 689 3164 suus
711 3106 797 3165 ieeus
821 3105 942 3165 dandus
959 3113 1021 3166 est:
1043 3103 1081 3163 in-

111 3188 197 3245 terim
212 3186 271 3245 hoe
288 3185 371 3256 dieo,
395 3185 519 3245 fulmina
536 3189 610 3248 mitti
624 3205 643 3248 a
657 3190 746 3261 leve,
768 3189 824 3248 sed
840 3189 885 3249 sie
901 3190 1003 3249 emnia
1017 3200 1083 3248 esse

112 3270 277 3345 disposite,
307 3276 339 3328 ut
359 3269 448 3326 etiam
473 3286 551 3342 quae
572 3271 609 3329 ab
630 3271 681 3332 iiie
702 3289 764 3332 uon
786 3273 876 3343 fiunt,
899 3271 1082 3333 tamensim

110 3355 228 3414 ratione
243 3368 304 3412 non
320 3353 407 3424 fiant,
429 3366 508 3426 quae
522 3352 602 3412 iiiius
618 3362 674 3414 est.
698 3373 765 3415 aare
782 3355 899 3415 etiamsi
913 3357 1027 3432 Iupiter
1037 3354 1082 3414 iiia
