2364 3840
156 167 218 230 186
440 166 473 225 L.
495 167 641 226 ANNAEI
663 166 838 227 SENECAE

121 318 282 382 ldisiecta
305 336 365 380 non
393 329 535 395 possunt.
570 319 769 378 Intentionenr
795 318 875 379 aeris
896 319 1062 379 ostendent
1086 318 1131 380 tibi

152 405 257 464 inllata
283 419 340 464 nec
366 404 406 463 ad
433 403 523 463 ictum
550 402 699 461 cedentia.
733 401 898 462 ostendant
922 402 1065 477 pondera
1085 418 1133 478 per

151 505 293 562 inagnum
311 487 442 561 spatium
459 487 558 546 ablata
573 492 712 560 gestante
727 491 830 548 vento.
853 485 1023 547 ostendunt
1035 500 1131 559 voces,

153 587 233 648 quae
254 571 402 630 remissae
424 570 588 645 claraeque
610 575 695 641 sunt,
723 576 814 643 prout
834 582 886 627 aer
907 583 944 627 se
966 570 1131 632 concitavit

152 656 224 730 quid
242 656 321 714 enim
339 661 387 713 est
398 669 460 712 vox
472 652 531 713 nisi
546 653 672 712 intentio
688 651 782 724 aeris,
798 658 831 711 ut
845 650 1003 725 audiatur,
1019 652 1133 728 linguae

119 739 281 802 tlormata
303 742 476 812 percussu?
510 737 584 810 quid
599 751 709 796 cursus
730 743 761 795 et
778 740 879 795 motus
900 735 1017 810 omnis,
1039 750 1132 797 nonne

152 820 255 881 intenti
279 820 403 895 spiritus
420 834 514 892 opera
531 825 622 880 suntt
649 818 699 878 hic
720 818 792 895 lacit
806 818 866 877 vim
883 819 1006 892 nervis,
1027 820 1132 880 veloci·

151 912 243 963 tatem
258 901 460 963 currentibus.
482 900 532 961 liic
548 917 615 962 cum
628 901 822 962 veliementer
836 902 1009 963 concitatus
1024 903 1133 977 ipsese

151 988 253 1057 torsit,
275 986 401 1045 arbusta
421 985 578 1060 silvasque
600 985 753 1045 convulsit
771 984 957 1045 etnedilicia
969 992 1036 1047 tota
1049 986 1135 1047 coni·

152 1071 241 1143 piens
263 1070 292 1127 in
314 1068 374 1129 alto
400 1068 520 1142 trangit.
551 1069 601 1128 hic
625 1083 709 1128 mare
728 1083 784 1142 per
804 1084 839 1128 se
860 1068 1041 1142 languidum
1056 1068 1134 1129 ctia-

122 1165 228 1215 5cens
250 1153 363 1212 incitat.
393 1152 442 1211 Ad
465 1152 584 1213 minora
603 1152 777 1211 veniamus=
800 1148 868 1225 quis
891 1152 960 1211 sine
974 1153 1133 1213 intentione

154 1237 279 1312 spiritus
307 1243 416 1297 cantus
439 1242 507 1297 estt
539 1251 654 1296 cornua
675 1244 705 1295 et
723 1234 815 1294 tubae
835 1242 865 1295 et
887 1250 970 1309 quae
992 1250 1133 1311 aquamm

151 1337 299 1395 pressura
318 1321 464 1381 maiorem
486 1320 618 1379 sonitum
641 1320 771 1378 formant
794 1333 884 1393 quam
906 1319 961 1395 qui
981 1335 1039 1381 ore
1054 1318 1133 1379 reddi

151 1411 268 1479 potest,
285 1419 386 1463 nonne
398 1403 479 1462 aeris
491 1402 656 1462 intentione
670 1409 773 1476 partes
786 1417 858 1462 suas
871 1402 1052 1477 explicanti
1064 1402 1132 1463 Con·

152 1488 323 1546 sineremus
340 1502 421 1561 quae
443 1487 596 1559 ingentem
618 1485 680 1545 vim
700 1501 756 1560 per
769 1486 922 1545 occultum
938 1495 1050 1584 agunt:¹
1073 1501 1134 1563 par·

152 1571 223 1629 vola
241 1569 406 1629 admodum
428 1569 544 1628 semina
565 1575 594 1627 et
618 1584 745 1644 quorum
761 1566 903 1628 exilitas
894 1585 925 1628 ιιι
939 1571 1136 1630 commissura

152 1653 286 1727 lapidum
311 1653 412 1713 locum
434 1651 562 1725 invenit,
589 1651 618 1711 in
644 1659 758 1712 tantum
781 1653 1019 1727 convalescunt,
1044 1660 1077 1714 ut
1095 1654 1134 1712 in·

153 1736 253 1809 gentia
270 1752 347 1795 saxa
361 1735 567 1796 deturbentet
555 1742 775 1797 tmonumenta
786 1734 969 1797 dissolvant
993 1737 1134 1813 scopulos

153 1819 270 1878 interim
302 1834 460 1895 rupesque
488 1819 608 1879 radices
635 1818 855 1879 minutissimae
880 1834 918 1879 ac
942 1821 1135 1881 tenuissimae

152 1903 286 1963 findunt:
307 1904 368 1965 hoc
391 1903 464 1977 quid
487 1911 534 1963 est
553 1902 634 1963 aliud
659 1917 748 1977 quam
764 1901 888 1962 intentio
911 1901 1056 1978 spiritus,
1075 1901 1135 1963 sine

119 1994 213 2061 aqua
231 1987 303 2047 nihil
323 1986 458 2047 validum
477 1993 545 2047 estt
572 1986 651 2045 Esse
672 1993 772 2046 autem
793 1986 938 2045 unitatem
961 1986 993 2045 in
1007 1989 1079 2047 aare
1093 1986 1135 2044 vel

152 2087 191 2128 ex
205 2071 265 2130 hoc
284 2071 417 2145 intellegi
439 2077 556 2144 potest,
581 2070 664 2144 quod
679 2085 811 2143 corpora
827 2076 935 2131 nostra
948 2070 1029 2131 inter
1040 2085 1076 2131 sa
1090 2084 1135 2130 co-

151 2153 286 2212 haerent.
309 2153 382 2226 quid
400 2153 479 2211 enim
498 2160 546 2212 est
559 2153 657 2224 aliud,
674 2153 758 2227 quod
771 2159 888 2213 teneret
903 2154 954 2213 illa
969 2170 1064 2229 qnam
1078 2152 1135 2227 spi-

151 2236 249 2294 ritust
270 2235 344 2308 quid
365 2234 520 2308 estaliud,
544 2252 605 2309 quo
628 2236 747 2295 animus
768 2242 874 2296 noster
897 2238 1052 2312 agiteturt
1073 2237 1136 2311 quis

152 2325 200 2376 est
220 2316 262 2376 illi
282 2324 383 2377 motus
401 2318 458 2378 nisi
480 2318 626 2379 intentio?
645 2335 724 2393 qnae
739 2319 864 2380 intentio
879 2320 938 2380 nisi
953 2336 993 2381 ex
1008 2320 1137 2382 unitatet

152 2416 231 2475 quae
251 2400 367 2475 unitas,
387 2401 446 2460 nisi
466 2400 543 2461 haec
565 2408 648 2462 esset
669 2401 698 2461 in
721 2405 813 2463 aeret
834 2403 909 2479 quid
934 2412 1037 2466 autam
1060 2402 1136 2465 aliud

152 2484 295 2559 producit
315 2486 419 2559 fruges
441 2495 470 2545 et
491 2494 625 2560 segetem
649 2484 818 2547 inbecillam
840 2502 876 2546 ac
897 2485 1036 2549 virentes
1049 2487 1137 2563 exigit

154 2568 281 2630 arbores
302 2584 339 2628 ac
360 2568 534 2630 distendit
526 2586 555 2628 m
576 2585 680 2629 ramos
702 2570 787 2642 [aut
780 2587 809 2630 m
825 2573 917 2630 altum
932 2570 1035 2647 erigit]
1051 2586 1136 2648 quam

152 2652 276 2727 spiritus
292 2654 418 2713 intentio
437 2661 467 2713 et
481 2653 603 2712 unitas?

120 2746 133 2797 1
212 2737 279 2795 Vll.
311 2735 439 2809 Quidam
459 2740 535 2795 adra
552 2735 731 2811 discerpunt
751 2745 782 2798 et
801 2737 831 2796 in
855 2736 1023 2812 particulas
1053 2738 1135 2799 didu-

152 2826 238 2890 cunt,
264 2820 305 2878 ita
330 2827 364 2878 nt
352 2820 460 2879 tilli'
453 2834 543 2878 mane
567 2819 781 2894 permisceant.
803 2829 1016 2896 argumentum
1042 2829 1136 2883 autem

152 2902 327 2960 existimant
341 2919 403 2962 non
421 2902 503 2977 pleni
518 2904 674 2978 corporis,
696 2903 751 2962 sed
774 2904 899 2965 multum
921 2906 1013 2966 vacui
1027 2904 1135 2966 haben-

151 2983 206 3056 tis,
227 2984 311 3057 quod
333 2985 441 3046 avibus
464 2990 493 3044 in
508 2986 560 3047 illo
575 2993 635 3046 tam
648 2985 745 3046 facilis
760 2994 876 3058 motus,
899 2988 987 3062 quod
1000 2986 1135 3049 maximis

118 3077 135 3130 2
149 3065 344 3141 minimisque
357 3070 512 3141 perillum
527 3076 724 3130 transcursus
739 3077 796 3130 est.
818 3070 880 3131 Sed
895 3071 1053 3133 lalluntur·
1074 3086 1136 3132 nam

153 3166 299 3225 aquarum
317 3166 441 3224 quoque
457 3153 564 3213 similis
584 3153 713 3214 facilitas
730 3162 791 3228 est,
815 3169 872 3214 nec
893 3154 933 3215 de
947 3156 1066 3217 unitate
1079 3155 1135 3215 illa

152 3251 217 3292 rum
236 3233 362 3293 dubium
378 3241 439 3307 est,
461 3252 540 3309 quae
561 3236 606 3296 sic
622 3253 753 3311 corpora
773 3237 941 3312 accipiunt,
962 3244 999 3299 ut
1020 3251 1136 3315 sempor

152 3318 181 3374 in
205 3317 387 3377 contrarium
409 3319 544 3392 acceptis
566 3318 706 3381 refluant.
738 3321 825 3380 Hanc
847 3322 945 3381 nostri
972 3324 1135 3383 circum·

152 3400 350 3476 stantiam,
362 3399 469 3460 Graeci
481 3394 748 3482 ἀντιπερίστασιν
760 3404 922 3479 adpellant,
936 3422 1019 3482 quac
1030 3407 1062 3467 in
1073 3408 1135 3467 atra
