2364 3840
172 168 234 231 146
298 180 303 187 '
448 167 482 227 L.
505 166 651 227 nunaut
671 166 846 227 SENECAE

173 324 225 395 qui
246 322 431 381 voluntatem
452 319 563 379 bonam
585 319 614 376 in
635 320 768 379 solutum
788 319 922 395 accepit,
950 336 990 381 eo
1013 322 1143 383 libentius

172 406 283 477 debes,
304 406 376 479 quia
396 402 564 466 dimitteris.
587 418 648 462 non
667 402 770 477 rapias
790 402 849 463 hoc
862 418 928 471 ,nee
944 404 1078 467 testeris.
1099 422 1142 466 oc

137 490 313 548 beasiones
330 487 479 546 reddendi
497 485 692 546 nihilominus
708 502 850 561 quaeras.
884 486 996 547 Redde
1009 487 1067 561 illi,
1081 490 1142 563 quia

168 573 293 647 repetit,
313 572 400 639 nuic,
424 571 496 645 cruia
519 571 648 628 remittit.
671 570 727 641 iiii,
752 569 824 644 quia
836 572 947 643 maius,
969 570 1060 644 huic,
1080 572 1142 647 quia

166 674 225 717 aon
244 660 351 715 molus.
379 654 515 726 ideoque
530 670 591 713 non
609 662 670 725 cst,
692 653 776 727 quod
797 653 836 711 ad
858 660 888 713 te
901 652 983 715 hanc
998 654 1141 730 quaestio·

167 756 237 799 nem
259 740 377 798 iudices
399 736 550 810 pertinere
572 754 631 809 an,
653 736 757 812 quod
780 736 1015 797 beneficium
1030 740 1141 813 quisa

165 819 1139 895 sapienteacceperit,redderedebeat‚siittede-

165 905 233 965 siit
254 920 343 962 esse
359 902 519 976 sapiens
535 906 618 963 etin
635 905 768 963 maium
787 913 1014 966 versusest.
1042 906 1139 965 redde

165 1004 215 1046 res
232 988 309 1045 enim
326 994 357 1045 ct
371 986 555 1061 depositum,
572 989 654 1061 quod
667 987 835 1061 asapiente
847 988 1038 1062 accepisses.
1061 989 1140 1048 etiem

164 1071 243 1130 rnaio
259 1071 407 1129 redderes
423 1070 583 1129 creditum:
606 1071 680 1146 quid
694 1079 742 1130 est
756 1086 810 1129 cur
826 1086 886 1130 non
901 1076 932 1129 et
945 1070 1140 1133 beneficiumt

132 1155 237 1229 aquia
252 1162 382 1213 muudus
403 1165 451 1214 est
470 1152 534 1225 itte,
556 1160 586 1213 te
607 1160 720 1214 nrrrtatt
757 1152 856 1226 Quidi
886 1152 914 1215 si
936 1155 1014 1229 quid
1035 1172 1056 1215 a
1073 1170 1138 1216 sano

164 1237 357 1312 accepisses,
381 1253 473 1311 aegro
496 1253 557 1296 non
571 1239 735 1311 redderes,
757 1251 824 1295 cum
842 1237 911 1311 plus
926 1253 1055 1315 semper
1067 1237 1138 1299 inbe

163 1322 232 1381 cillo
245 1323 343 1380 amico
359 1320 547 1379 debeamus?
569 1329 598 1379 et
611 1322 661 1380 irie
675 1336 767 1394 aeger
781 1326 829 1379 est
839 1320 957 1381 animo:
979 1323 1136 1394 adiuvetur,

164 1406 285 1465 seratur.
309 1403 433 1463 stultitia
447 1404 571 1463 morbus
587 1413 634 1464 est
648 1404 748 1463 animi.

134 1495 147 1545 1
228 1488 320 1547 XVll.
337 1486 590 1559 Distinguendum
603 1488 670 1561 troc,
687 1503 748 1561 quo
758 1485 855 1560 magis
867 1487 1070 1565 intellegatur,
1085 1490 1137 1549 exi·

165 1572 264 1630 stimo.
292 1571 359 1628 Duo
381 1575 451 1629 sunt
466 1569 629 1629 benefieia=
650 1587 743 1630 unum
759 1570 844 1644 quod
859 1570 932 1631 dare
948 1572 1008 1633 nisi
1024 1574 1137 1651 sapiens

164 1652 296 1726 sapienti
319 1669 379 1711 non
401 1658 511 1726 potest.
539 1652 599 1713 hoc
615 1662 663 1712 est
681 1654 852 1714 absolutum
867 1661 899 1714 et
912 1671 1021 1716 verum
1036 1655 1136 1718 bened

163 1735 251 1794 cium.
283 1736 410 1795 alterum
427 1737 565 1810 volgare,
583 1737 749 1811 plebeium,
767 1736 853 1797 cuius
869 1738 948 1798 inter
963 1755 1023 1800 nos
1038 1737 1136 1817 inperi-

129 1824 211 1879 utos
233 1820 447 1879 commercium
468 1828 523 1880 est.
557 1820 602 1879 De
625 1820 683 1880 hoo
706 1837 766 1880 non
781 1828 829 1880 est
844 1820 988 1897 dubium,
1011 1826 1084 1900 quin
1096 1820 1136 1896 illi,

163 1904 401 1978 qualiscumque,
418 1910 464 1962 est
476 1903 604 1963 debeam
617 1904 760 1977 reddere,
776 1903 842 1963 sive
853 1904 1010 1967 homicida
1023 1907 1136 1969 siveiur

162 1988 227 2047 sive
249 1988 366 2046 adulter
387 1987 494 2046 evasit.
527 1987 647 2047 Habent
671 1988 789 2046 seelera
809 1989 895 2063 leges
919 2005 1013 2051 suas:
1040 1991 1134 2051 meiius

162 2068 240 2131 istos
266 2070 358 2129 iudex
385 2085 475 2141 quam
501 2068 638 2142 ingratus
664 2070 813 2130 emendat.
852 2087 944 2133 nemo
971 2082 1001 2135 te
1026 2076 1134 2147 muium,

162 2152 214 2226 qui
230 2157 292 2221 est,
309 2152 407 2210 saciat.
435 2151 516 2210 Malo
534 2152 713 2212 beneficium
729 2154 890 2228 proiciam,
908 2154 994 2219 bono
1009 2158 1134 2231 redden,

161 2234 232 2293 huic
248 2235 317 2305 quia
334 2232 449 2306 debeo,
471 2234 511 2292 illi
530 2250 567 2292 ne
584 2236 721 2295 debeam.

133 2326 146 2376 1
222 2316 327 2375 xvut.
354 2318 395 2376 be
416 2318 510 2376 altero
534 2317 672 2378 beneficii
692 2336 805 2393 genere
819 2321 989 2399 dubitatur,
1013 2322 1132 2401 quodsi

159 2399 300 2476 accipere
315 2416 375 2460 non
393 2401 477 2475 potui
494 2400 553 2460 nisi
567 2403 706 2477 sapiens,
728 2420 784 2463 nec
798 2405 929 2465 reddere
946 2407 1071 2482 quidem
1084 2405 1132 2467 nisi

159 2486 288 2560 sapienti
306 2501 442 2560 possum.
473 2491 545 2560 puta
560 2487 638 2544 enim
653 2501 701 2544 me
715 2487 859 2547 reddere:
884 2489 935 2549 ilie
957 2507 1020 2552 non
1042 2494 1132 2569 potest

158 2571 304 2644 recipcre.
340 2586 401 2629 non
422 2575 469 2628 est
489 2569 547 2627 iam
563 2568 653 2628 huius
669 2570 711 2628 rei
727 2586 835 2644 capax.
864 2572 1026 2635 scientiam
1041 2573 1131 2637 utendi

158 2654 298 2727 perdidit.
332 2653 410 2725 Quid
427 2652 453 2711 si
475 2668 523 2711 me
535 2652 686 2712 remittere
702 2669 811 2714 manco
827 2653 918 2729 pilam
933 2656 1047 2719 iubes?
1069 2656 1130 2721 stul·

129 2740 219 2793 atum
235 2743 282 2795 ost
297 2736 370 2795 dare
386 2736 484 2807 alicui,
500 2736 584 2810 quod
599 2736 741 2811 accipere
753 2753 812 2796 non
830 2740 938 2812 possit.
960 2740 1001 2803 Ut
1013 2756 1129 2819 respon·

158 2817 230 2875 dore
252 2819 290 2876 ab
316 2819 418 2878 ultimo
438 2819 595 2894 incipiam:
629 2835 689 2879 non
712 2820 791 2880 dabo
812 2820 869 2895 illi,
893 2824 979 2898 quod
1001 2828 1130 2903 accipere

159 2916 218 2958 non
238 2902 356 2973 poterit.
386 2903 526 2974 reddam,
550 2902 666 2962 etiamsi
687 2905 825 2978 recipere
839 2921 900 2966 non
918 2908 1041 2983 poterit
1065 2908 1129 2971 obii·

156 2998 230 3055 gare
245 2984 323 3041 enim
339 3000 399 3042 non
415 3000 544 3058 possum
559 2985 618 3045 nisi
633 2986 847 3062 accipientem:
875 2989 1001 3053 liberari
1017 2986 1129 3064 tantum

156 3065 183 3123 si
199 3066 333 3137 reddidi,
351 3083 489 3140 possum.
521 3069 574 3128 lile
588 3070 631 3129 uti
645 3071 696 3130 itio
711 3087 771 3131 non
787 3072 920 3146 poteriti
940 3075 1063 3139 viderit
1083 3090 1129 3153 pe·

157 3162 211 3206 nos
224 3148 305 3207 ilium
320 3149 376 3208 erit
390 3152 495 3224 culpa,
511 3169 570 3212 non
587 3169 683 3227 penes
697 3170 756 3213 me.

131 3239 142 3289 1
216 3231 292 3291 xlx.
317 3231 478 3305 „Reddere
491 3243 547 3308 est,
564 3236 668 3312 inquit,
684 3246 847 3314 accepturo
861 3239 1040 3304 tradidisse.
1062 3240 1126 3319 quid

155 3314 249 3383 enim,
276 3314 301 3373 si
323 3315 372 3374 cui
395 3316 494 3375 vinum
516 3318 631 3379 debeas
652 3329 682 3380 ot
703 3321 761 3381 hoc
777 3321 826 3384 iile
842 3331 871 3383 te
886 3322 1054 3388 infundere
1066 3325 1128 3387 reti·

154 3398 223 3455 cuto
245 3396 347 3456 iubent
369 3406 420 3457 aad
440 3400 554 3461 cribro:
583 3404 757 3465 reddidisse
778 3413 806 3465 te
827 3405 913 3467 dicos
935 3416 989 3470 aut
1003 3410 1126 3471 reddero

124 3481 255 3555 troies,
273 3480 372 3555 quod,
388 3482 459 3543 dum
471 3484 616 3559 redditur,
631 3487 709 3547 inter
720 3489 799 3549 duos
811 3497 966 3565 pereatt“
989 3494 1125 3557 uendere
