2364 3840
115 178 178 240 292
404 179 436 237 L.
459 180 606 237 nattam
629 180 804 239 SENECAE

114 333 196 391 huno
212 330 421 406 liquidumque
436 334 616 391 maculatae
632 334 740 406 polluit
751 334 966 409 insuetumque
979 338 1089 398 ducen·

85 416 194 478 illinus
211 416 348 490 spiritam
360 416 459 474 adfert
470 432 548 475 nora
562 432 675 489 genera
686 416 870 478 morborum.
904 418 992 492 Quid,
1010 423 1090 497 quod

117 516 215 573 aquae
231 515 356 573 quoque
371 498 491 558 inutiles
508 501 749 574 pestilentesque
767 500 796 559 in
812 501 916 562 abdito
932 505 1041 578 latent,
1062 513 1092 565 nl

118 600 194 658 quas
217 599 381 657 numquam
402 600 478 642 usus
499 589 657 655 exerceat,
688 599 853 658 numquam
873 601 949 645 aura
970 587 1092 647 libe-rior

117 668 294 726 everberell
314 683 421 725 crassa
436 668 538 741 itaque
553 674 583 725 el
597 667 682 740 gravi
698 668 827 741 ealigine
842 670 1091 744 sempiternaque

116 759 213 810 tectae
233 750 306 810 nihil
329 749 387 809 nisi
409 751 587 824 pestiferum
608 750 638 809 in
660 766 695 810 se
718 757 748 808 et
770 751 953 826 corporibus
977 757 1090 814 nostris

116 836 299 893 contrarium
320 833 440 892 habent.
469 850 522 891 aer
537 850 675 909 quoque,
696 836 747 908 qui
762 834 873 896 mixtus
887 843 935 896 est
949 836 1010 897 illis
1027 839 1089 912 qui·

116 934 176 991 qne
197 919 273 977 inter
293 919 360 975 illas
382 917 511 990 paludes
533 917 625 989 iacet,
654 932 722 976 oum
744 919 881 991 emersit,
906 921 967 979 late
989 922 1090 982 vitium

87 1016 204 1067 tsuum
221 1001 338 1074 spargit
352 1007 381 1058 et
396 1000 570 1060 haurientes
585 1010 681 1060 necat.
714 1001 846 1061 Facilius
861 1010 962 1063 autem
980 1020 1090 1078 pecora

116 1086 260 1157 sentiunt,
277 1085 306 1142 in
324 1100 401 1159 quac
417 1085 589 1159 pestilentia
603 1084 758 1144 incurrere
770 1086 861 1156 solet,
877 1102 941 1159 quo
953 1088 1090 1147 aridiora

116 1175 201 1227 sunt:
228 1178 334 1241 aperto
356 1170 443 1228 coelo
465 1170 625 1243 plurimum
645 1175 768 1227 utuntnr
782 1177 811 1228 et
831 1168 938 1243 aquis,
962 1186 1088 1245 quarum

116 1253 246 1311 inanima
266 1254 295 1310 in
316 1253 489 1327 pestilentia
504 1254 594 1326 culpa
608 1259 665 1311 est.
694 1268 770 1312 oves
784 1268 859 1312 vero
873 1253 1023 1314 mollioris
1038 1270 1088 1312 aa·

116 1344 215 1409 turae,
240 1352 300 1410 qno
323 1338 469 1411 propiora
487 1337 573 1395 terris
590 1336 688 1394 lerunt
705 1337 819 1411 capita,
843 1344 1005 1411 corruptas
1020 1353 1089 1397 esse

115 1436 176 1478 nnn
197 1419 304 1492 miror,
334 1436 401 1479 oum
423 1418 554 1479 adllatns
574 1418 653 1477 aliris
675 1419 730 1477 diri
751 1420 832 1478 cirea
851 1419 951 1494 ipsam
966 1420 1089 1481 humum

115 1504 300 1578 exceperint.
323 1503 480 1563 nocuisset
494 1504 543 1560 ille
558 1510 587 1561 et
601 1501 790 1574 hominibus,
811 1502 839 1561 si
852 1504 952 1564 maior
965 1504 1088 1564 exisset

115 1588 172 1646 sed
192 1589 274 1646 illum
295 1587 385 1662 copia
400 1587 479 1645 aeris
495 1587 605 1647 sinceri
620 1585 779 1660 exstinxit,
801 1592 981 1661 antequam,
1004 1595 1037 1647 ut
1052 1588 1088 1647 ab

115 1670 237 1729 homine
253 1677 359 1743 posset
375 1670 465 1739 trahi,
490 1676 634 1743 surgeret.

89 1765 102 1814 1
176 1754 308 1812 XXVlll.
338 1753 432 1813 Multa
452 1762 550 1813 autem
573 1761 669 1812 terras
689 1753 803 1812 habere
818 1753 973 1814 mortifera
987 1757 1088 1814 velex

115 1837 174 1897 hoc
189 1838 342 1911 intellege,
366 1838 449 1913 quod
463 1844 507 1896 tot
522 1853 638 1895 venena
651 1844 815 1897 nascuntur
826 1853 888 1896 non
899 1853 993 1898 manu
1003 1855 1088 1912 spar-

116 1938 164 1995 sa,
189 1923 243 1980 sed
260 1930 387 1995 sponte,
407 1924 475 1981 solo
491 1919 606 1979 scilicet
620 1919 750 1981 habente
765 1919 885 1980 utboni
898 1920 942 1981 ita
955 1923 1027 1981 mali
1042 1938 1088 1982 se-

115 2006 203 2063 mina.
246 2005 337 2079 Quid,
366 2006 449 2079 quod
471 2004 607 2080 pluribus
632 2004 735 2062 Italiae
760 2004 836 2063 locis
860 2019 916 2079 per
939 2007 1089 2079 quaedam

115 2089 261 2147 lammina
288 2091 433 2164 pestilens
458 2088 616 2147 exhalatur
637 2103 749 2162 vapor,
778 2104 869 2162 quem
892 2104 954 2148 non
976 2086 1088 2148 homini

115 2172 241 2242 ducere,
262 2191 321 2231 non
338 2175 420 2231 lerae
436 2180 528 2231 tutum
545 2177 612 2231 estt
633 2187 706 2230 aves
719 2188 844 2246 quoque
859 2170 886 2231 si
900 2171 931 2230 in
947 2170 1031 2232 illum
1045 2172 1087 2230 in·

115 2253 256 2326 uiderint,
279 2263 441 2329 antequam
457 2256 543 2313 coelo
558 2255 682 2314 meliore
696 2255 832 2326 leniatur,
853 2253 971 2339 inipso
988 2256 1088 2315 volatu

115 2338 226 2396 eadunt
246 2337 400 2411 liventque
418 2354 547 2411 corpora
563 2345 592 2395 ct
608 2355 669 2397 non
684 2338 770 2397 aliter
783 2354 875 2413 quam
890 2353 947 2413 per
962 2339 1023 2397 vim
1037 2336 1086 2398 eli·

86 2430 103 2482 2
116 2436 169 2479 sae
186 2422 290 2482 lauces
302 2428 425 2481 tument.
459 2423 515 2480 llio
527 2422 651 2495 spiritus
664 2422 807 2495 quamdiu
819 2421 908 2481 terris
920 2422 1087 2482 continetur

114 2506 195 2563 tenui
220 2506 366 2566 loramine
386 2505 500 2578 fluens,
528 2522 589 2564 non
612 2507 681 2578 plus
698 2506 849 2580 potentiae
866 2505 974 2578 habet,
999 2520 1086 2579 quam

116 2597 146 2648 ut
159 2590 368 2664 despectantis
380 2598 409 2649 et
420 2592 497 2649 ultro
508 2587 565 2648 sibi
577 2588 668 2649 inlata
680 2588 829 2649 conficiat.
853 2589 905 2648 ubi
915 2604 974 2663 per
985 2589 1086 2649 secula

115 2672 255 2733 conditus
277 2673 409 2733 tenebris
431 2689 467 2732 ac
487 2671 605 2732 tristitia
624 2671 685 2732 loci
705 2672 800 2732 crevit
818 2672 848 2731 in
871 2671 992 2745 vilium,
1019 2671 1087 2746 ipsa

114 2755 297 2828 ingravescit
311 2774 410 2828 mora,
434 2757 520 2830 peior
535 2772 595 2830 quo
612 2756 744 2830 segnior.
768 2771 838 2815 cum
852 2755 965 2817 exitum
980 2761 1086 2815 nactus

114 2846 174 2909 est,
196 2848 348 2900 aeternum
369 2841 443 2899 illud
465 2838 602 2901 umbrosi
623 2839 743 2913 lrigoris
764 2840 876 2899 malum
893 2844 924 2899 et
939 2837 1086 2899 internam

113 2929 231 2980 noctem
256 2926 349 2983 volvit
366 2940 401 2982 ac
418 2924 551 2997 regionis
565 2930 689 2983 nostrae
704 2926 774 2982 adra
788 2921 931 2982 infuscat.
964 2924 1086 2984 vincun-

84 3013 160 3071 3tur
182 3007 260 3063 enim
282 3008 406 3066 meliora
423 3009 588 3081 peioribus.
624 3007 706 3065 Tunc
720 3007 809 3067 etiam
824 3006 875 3064 ille
891 3006 1019 3082 spiritus
1035 3024 1086 3082 pu·

113 3090 175 3148 rior
195 3090 303 3149 transit
323 3090 350 3148 in
367 3108 493 3149 noxam:
515 3092 587 3150 inde
601 3091 720 3150 subitae
735 3091 961 3164 continuaeque
975 3097 1087 3151 mortes

114 3183 144 3231 et
163 3181 338 3233 monstrosa
358 3190 471 3247 genera
488 3175 663 3235 morborum
682 3182 715 3234 ut
731 3190 771 3234 ex
785 3171 875 3233 novis
890 3181 959 3234 orla
974 3172 1086 3236 causis.

115 3256 216 3316 brevis
230 3266 281 3317 aut
295 3258 387 3333 longa
401 3259 504 3318 clades
521 3267 579 3331 est,
603 3266 691 3332 prout
702 3257 774 3318 vitia
786 3259 917 3330 valuere,
934 3274 993 3318 aee
1005 3258 1087 3333 prius

113 3341 286 3415 pestilentia
307 3342 417 3402 desinit
438 3359 528 3417 quam
549 3343 687 3416 spiritum
708 3342 938 3416 illumgravem
952 3340 1093 3403 exercuit·

113 3427 222 3486 laxitas
238 3429 315 3488 coeli
332 3434 552 3500 ventorumque
567 3426 696 3486 iactatio.
