2364 3840
260 192 402 254 nawa.
418 191 580 266 QUAEST.
602 193 675 252 LlB.
688 193 725 254 V.
747 201 845 256 3-8.
981 193 1044 259 259

125 346 179 406 Vl.
204 347 249 406 lle
264 361 347 420 aqna
361 345 452 406 dicct
472 344 567 419 ignis,
584 345 635 418 qui
651 343 753 403 omnia
764 345 929 419 consumit,
950 364 1045 421 qnae·

61 430 134 490 dam
155 438 254 504 creat,
275 437 307 489 et
321 430 406 504 quod
421 429 517 487 videri
534 444 595 487 non
611 435 714 502 potest
728 428 827 486 simile
841 429 920 499 veri,
941 437 1042 489 tamen

58 529 171 574 verum
191 519 254 585 est,
277 512 419 572 animalia
438 512 508 586 igne
528 512 677 585 generari.
709 511 807 570 Habet
823 527 896 586 ergo
914 512 972 572 vim
989 514 1042 573 ali-

61 613 156 673 quam
176 597 267 656 talem
281 612 335 655 aer
348 602 380 656 ει
393 595 463 655 ideo
477 595 570 655 modo
587 595 702 669 spissat
716 610 766 669 se,
789 597 881 655 modo
896 598 1044 671 expandit

60 695 98 741 εε
118 687 149 741 ει
166 686 279 755 purgat
298 687 328 739 et
346 679 423 738 alias
445 678 619 751 contrahit,
632 679 747 738 diducit
769 695 806 738 ac
828 679 938 739 differt.
974 681 1042 741 Hoc

60 779 136 839 ergo
157 766 284 823 interest
302 764 381 822 inter
400 765 472 822 adra
493 768 523 821 et
544 772 681 835 ventum,
705 764 788 837 quod
805 765 881 823 inter
897 765 995 823 lacum
1012 772 1043 825 et

59 846 186 908 flumen.
227 846 402 922 Aliquando
425 862 481 919 per
500 862 535 905 se
556 847 624 920 ipse
641 848 688 906 sol
705 863 800 908 causa
816 847 896 907 venti
912 856 959 908 εει
974 849 1040 908 lun-

60 931 139 991 dens
153 932 302 1005 rigentem
316 933 388 989 aera
403 937 486 990 etex
500 930 597 988 denso
613 938 785 1005 coactoque
800 931 970 1006 explicans.

124 1015 190 1073 Vll.
212 1015 251 1073 ln
271 1013 495 1074 universum
518 1013 563 1071 de
584 1012 712 1073 ventis
735 1013 918 1087 diximus,
942 1027 1068 1081 nuncl

58 1097 206 1157 viritim
234 1098 470 1172 Incipiamus
493 1097 586 1155 illos
608 1103 809 1155 excutere=
838 1099 1040 1160 fortassead·

58 1181 182 1256 parebit
201 1181 459 1255 quemadmodum
480 1179 569 1253 fiant,
597 1180 623 1238 si
644 1179 833 1254 adparuerit,
865 1183 987 1254 quando
1011 1192 1040 1243 ει

58 1265 144 1325 unde
167 1265 344 1338 procedant.
386 1264 547 1323 Primum
569 1279 659 1336 ergo
686 1264 945 1324 antelucanos
967 1266 1038 1324 ila

57 1356 121 1408 tus
147 1347 419 1423 inspiciamus,
449 1347 501 1421 qui
522 1355 574 1406 aut
594 1361 641 1405 ex·
655 1345 831 1405 fluminibus
848 1356 952 1407 autex
966 1364 1038 1407 con·

59 1431 191 1491 vallibus
212 1438 264 1491 aut
284 1446 323 1490 ex
343 1432 445 1505 aliquo
467 1431 536 1490 sinu
552 1431 696 1490 teruntur.
730 1429 836 1490 Nullus
852 1446 891 1489 ex
906 1431 954 1491 his
969 1440 1067 1506 per-2

58 1516 144 1575 tinax
167 1519 229 1586 cst,
259 1515 316 1574 sed
338 1514 419 1573 cadit
440 1513 565 1572 fortiore
582 1514 640 1571 iarn
658 1516 725 1574 sole
740 1529 797 1573 nec
813 1516 871 1574 lert
887 1518 965 1574 ultra
979 1524 1038 1574 ter-

58 1614 162 1658 rarum
177 1605 387 1672 conspectum.
419 1596 486 1656 Hoc
499 1603 657 1655 ventorum
669 1613 768 1671 genus
779 1599 885 1673 incipit
896 1615 969 1658 vere
981 1615 1038 1658 nec

58 1682 139 1744 alba
160 1689 306 1742 aestatem
323 1682 412 1740 durat
425 1688 455 1739 ει
475 1679 545 1738 inde
562 1682 692 1739 maxime
706 1681 803 1755 venit,
823 1684 876 1742 ubi
890 1700 1037 1758 aquarum

57 1764 223 1842 plurimum
237 1773 267 1827 et
280 1765 425 1824 montium
440 1771 494 1823 est.
519 1764 610 1838 plana
624 1765 694 1823 licet
705 1764 862 1825 abundent
873 1769 972 1841 aquis,
988 1784 1036 1827 ca-

55 1856 126 1929 rent
140 1864 230 1924 aura,
251 1849 310 1907 hac
326 1848 411 1919 dico,
435 1864 514 1921 quae
530 1863 587 1920 pro
605 1855 695 1906 vento
711 1848 799 1906 valet.

120 1932 201 1992 VIII.
231 1931 453 2006 „Quomodo
480 1946 553 2004 ergo
583 1930 675 1989 talis
706 1931 827 1990 flatus
861 1933 1065 2006 concipi-l

58 2025 132 2089 tur,
158 2032 267 2090 quern
283 2013 417 2075 Graeci
437 2014 654 2086 encolpium
672 2020 856 2073 νοεεηιιιι
885 2015 1038 2089 Quicquid

58 2115 97 2159 ex
117 2114 154 2159 se
175 2099 305 2174 paludes
327 2107 357 2158 et
372 2097 498 2157 tlumina
513 2097 681 2169 remittunt,
703 2097 733 2156 id
752 2105 851 2156 antem
867 2107 897 2159 et
912 2101 1036 2161 multum

58 2188 152 2244 estet
163 2183 340 2255 adsiduum,
362 2196 416 2254 per
429 2179 510 2241 diem
521 2180 597 2239 solis
610 2181 784 2243 alimentum
796 2189 851 2240 est.
875 2190 964 2241 nocte
976 2200 1036 2243 non

58 2265 237 2326 exhauritur
257 2274 287 2325 ει
309 2265 462 2341 montibus
483 2265 633 2324 inclusum
651 2264 680 2324 in
697 2282 786 2324 unam
802 2267 958 2340 regionem
974 2270 1036 2328 col-

16 2415 24 2423 ,
57 2349 169 2424 ligitur.
192 2349 354 2409 camillam
369 2347 496 2422 inplevit
510 2356 540 2408 et
554 2348 613 2407 iam
630 2365 664 2407 se
679 2366 738 2409 non
753 2351 842 2423 capit,
859 2352 1037 2425 exprimitur

58 2432 164 2508 aliquo
185 2440 215 2492 et
234 2432 265 2491 in
284 2447 376 2492 unam
396 2440 510 2505 partem
529 2432 683 2504 procedit:
706 2432 755 2490 hic
771 2440 879 2493 ventus
896 2441 952 2492 cst.
981 2435 1035 2492 ita-

59 2532 120 2590 que
142 2531 180 2577 eo
201 2516 358 2587 incumbit,
382 2530 443 2589 quo
464 2514 586 2574 liberior
607 2515 706 2575 exitus
723 2514 829 2573 invitat
844 2524 873 2574 ει
887 2517 946 2574 loci
961 2516 1035 2574 laxi-

57 2605 121 2672 tas,
144 2599 176 2658 in
192 2615 283 2674 qnam
298 2606 478 2658 coacervata
493 2599 664 2657 decurrant.
698 2597 796 2657 Huius
817 2599 860 2654 rei
876 2611 1064 2670 argaman-2

57 2690 121 2744 turn
136 2689 199 2755 est,
219 2682 303 2758 quod
316 2683 413 2756 prima
429 2682 526 2741 noetis
543 2688 628 2754 parte
640 2697 700 2740 non
715 2682 825 2754 spirat,
840 2680 946 2754 incipit
956 2681 1035 2741 enim

56 2765 125 2826 ficri
145 2766 197 2824 illa
213 2765 367 2837 collectio,
393 2780 473 2839 quae
488 2765 570 2823 circa
585 2765 684 2823 lucem
699 2765 757 2821 iam
772 2765 863 2838 plena
878 2771 933 2822 cst.
963 2781 1035 2826 one-

56 2857 123 2910 rata
143 2851 275 2925 quaerit,
305 2864 366 2923 quo
388 2848 518 2920 defluat,
547 2855 576 2907 ει
597 2863 633 2906 eo
662 2847 853 2921 potissimum
879 2848 955 2921 exit,
983 2851 1035 2910 ubi

56 2933 221 3008 plurimum
236 2932 325 2993 vacui
340 2940 386 2992 est
398 2940 427 2992 et
438 2947 548 3005 magna
559 2946 595 2989 ac
607 2938 716 3004 patens
729 2946 809 2990 area.
832 2931 924 2992 adicit
935 2942 1035 2994 autem

57 3016 85 3076 ei
106 3017 249 3078 stimulos
270 3024 354 3075 ortus
374 3017 449 3076 solis
470 3016 582 3073 seriens
603 3013 736 3088 gelidum
751 3017 831 3073 adra.
860 3032 929 3076 nam
945 3018 1035 3077 etiam

56 3108 223 3177 antequam
236 3100 398 3175 adpareat,
418 3099 530 3158 lumine
545 3098 615 3171 ipso
630 3098 712 3157 valet
723 3106 753 3157 ει
764 3100 898 3158 nondum
912 3101 1034 3174 qnidam

55 3185 152 3245 radiis
165 3188 238 3244 aera
249 3184 380 3258 inpellit,
397 3183 455 3242 iam
468 3189 568 3241 tannen
579 3182 703 3241 lacessit
714 3190 743 3240 ει
754 3181 856 3244 inritat
865 3185 933 3242 lucc
946 3200 1033 3258 prac-

56 3270 169 3330 missaz
191 3284 262 3328 nam
282 3267 433 3341 cumipse
450 3265 616 3340 processit,
636 3266 695 3324 alia
711 3269 853 3341 superius
867 3269 1063 3341 rapiuntur,3

56 3352 117 3412 alia
138 3350 348 3413 distrahuntur
366 3357 489 3424 tepore:
516 3349 586 3408 ideo
609 3366 670 3409 non
691 3352 770 3409 ultra
784 3352 958 3410 matutinum
974 3350 1033 3409 illis

56 3436 146 3496 datur
161 3435 268 3496 fluere.
291 3434 388 3495 omnis
405 3433 524 3493 illorum
539 3434 585 3492 vis
601 3441 770 3507 conspectu
781 3436 856 3494 solis
868 3433 1032 3508 exstingui-

817 3519 871 3558 ιη*
881 3540 885 3547 ·
