2364 3840
236 176 375 238 unrun.
391 179 554 253 QUAEST.
577 181 649 240 ura.
661 183 712 240 vr.
735 191 869 246 24-27.
980 186 1040 248 aet

59 332 201 392 turbidus
216 329 296 390 enim
312 331 453 392 defluens
466 332 551 392 Nilus
564 335 753 410 multumque
766 351 870 395 secum
883 338 971 397 coeni
984 347 1040 399 tra·
1053 353 1071 404 a

59 415 136 475 hens
158 423 189 475 et
208 416 238 475 id
261 416 391 475 subinde
405 416 574 490 ‘adponens
592 419 744 491 prioribus
760 419 849 479 terris
864 421 1041 498 Aegyptum

60 516 163 560 annuo
186 500 372 560 incremento
395 516 518 575 semper
538 502 617 561 ultra
635 504 709 562 tulit.
738 503 809 562 inde
825 504 947 578 pinguis
963 513 993 564 et
1007 507 1038 566 li-

59 583 140 644 mosi
155 585 213 644 soli
228 593 276 645 est
290 599 346 643 nec
360 586 422 646 ulla
437 587 594 645 intervalla
610 585 639 644 in
655 602 689 646 se
704 586 809 661 hebet,
833 590 890 647 sed
902 590 1040 650 crevitin
1086 583 1087 586 ’

60 668 192 728 solidum
208 675 367 729 arescente
383 669 469 742 limo,
491 671 577 730 cuius
593 686 704 745 pressa
719 681 783 731 erut
795 679 825 733 et
835 673 948 732 sedens
961 680 1040 734 stru·

60 761 160 826 euna,
186 768 255 813 cum
280 760 384 829 partes
409 754 644 827 glutinarentur,
674 770 730 814 nec
758 757 920 831 quicquam
949 758 1040 819 inane

59 837 243 897 intervenire
253 844 388 912 poterat,
408 853 476 897 cum
488 837 589 898 solido
602 837 752 914 liquidum
765 858 801 899 ac
813 843 903 901 molle
916 858 1040 919 semper

60 921 230 981 accederet.
274 920 336 982 Sed
362 928 500 981 movetur
522 929 552 981 et
576 924 739 998 Aegyptus
760 932 791 984 et
810 926 920 1001 DeloS‚
948 933 1069 1003 quam3

58 1005 212 1079 Vergilius
228 1012 309 1065 stare
326 1006 428 1065 iusslt=

160 1093 357 1164 tremoremque
371 1092 430 1150 cole·
442 1090 526 1150 dedit
538 1097 568 1150 et
581 1097 765 1152 contemnere
780 1100 886 1154 uentos.

58 1174 137 1232 hanc
164 1173 340 1248 philosophi
363 1189 507 1248 quoque,
536 1174 660 1233 credula
685 1176 781 1250 natio,
809 1177 953 1237 dixerunt
977 1194 1038 1238 non

57 1259 174 1318 moveri
197 1266 322 1318 auctore
343 1256 484 1317 Pindaro.
526 1258 724 1335 Thucydides
746 1261 787 1320 ait
806 1268 894 1319 antea
916 1261 1039 1335 quidem

57 1342 202 1401 inmotam
224 1341 336 1413 luisse,
360 1342 417 1400 sed
439 1343 520 1401 eirca
538 1342 834 1416 Peloponnesiacum
849 1345 962 1403 bellurn
979 1351 1038 1405 tre·

58 1427 183 1486 muissc.
228 1425 426 1485 Callisthenes
450 1434 479 1486 et
501 1428 561 1486 alio
582 1434 719 1500 tempore
736 1425 778 1486 ait
796 1426 856 1486 hoc
872 1428 1068 1494 accidissezu

57 1510 142 1570 Inter
157 1513 262 1584 multo,
285 1509 397 1583 inquit,
412 1512 572 1586 prodipia,
594 1513 699 1585 petbus
712 1513 886 1571 &nuntiato
899 1520 943 1572 est
956 1514 1038 1573 dua-

57 1611 125 1654 rum
143 1595 273 1665 urbium,
296 1594 414 1654 Helices
427 1601 456 1654 et
468 1594 575 1667 Buris,
594 1598 718 1666 eversio,
733 1596 824 1668 suere
837 1600 967 1657 maxime
980 1614 1038 1658 oo-

58 1679 162 1737 tabe'lr‘e
182 1682 319 1738 columna
340 1681 417 1752 ipris
433 1681 559 1738 inmensi
571 1685 600 1737 et
611 1679 699 1739 Delos
714 1683 838 1753 operato.
862 1696 951 1754 quam
967 1681 1037 1740 ideo

58 1762 197 1821 stabilem
219 1762 316 1821 videri
340 1765 419 1835 vult,
449 1760 521 1835 quia
541 1763 615 1820 mari
641 1760 776 1836 inposita
801 1763 840 1824 sit
865 1763 1038 1839 habeatque

58 1859 214 1904 concavas
236 1861 331 1920 rupes
354 1853 384 1905 et
406 1862 482 1905 saxa
503 1846 623 1919 pervia,
647 1861 726 1919 quae
748 1847 822 1906 dent
842 1847 1037 1921 deprehenso

58 1929 121 1987 aeri
142 1928 281 1989 reditum.
309 1929 348 1989 ob
363 1930 422 1989 hoc
438 1937 468 1989 et
483 1929 599 1988 insulas
616 1945 687 1988 esse
702 1929 840 1991 certioris
856 1931 915 1991 soli
929 1933 1037 1990 urbes-

58 2027 120 2087 que
137 2028 174 2072 eo
191 2011 332 2085 tutiores,
350 2030 412 2088 quo
424 2015 553 2088 propius
565 2014 604 2071 ad
616 2029 698 2072 mare
711 2023 919 2074 accesserunt.
948 2015 1067 2081 Falsas

57 2095 135 2155 haec
150 2112 222 2156 esse
235 2095 373 2171 Pompeii
386 2104 415 2156 et
425 2098 648 2156 Herculaneum
663 2113 799 2157 sensere.
835 2099 934 2158 Adice
946 2113 1034 2165 nunc,

58 2180 143 2254 quod
165 2183 263 2240 omnis
286 2197 340 2240 ora
360 2182 451 2240 maris
469 2181 665 2240 obnoxiaest
681 2181 830 2242 motibus:
854 2182 899 2242 sic
913 2182 1035 2259 Paphos

56 2280 119 2324 non
135 2265 231 2323 semel
246 2264 374 2337 corruit,
398 2266 443 2325 sic
457 2265 569 2325 nobilis
586 2274 616 2324 et
629 2265 700 2325 huie
714 2265 774 2325 iam
790 2267 944 2327 familiaris
957 2269 1035 2327 malo

56 2348 222 2422 Nicopolis.
258 2348 392 2426 Cyprum
407 2349 500 2409 ambit
515 2351 606 2408 altum
622 2366 705 2409 mare
720 2358 749 2409 et
763 2350 901 2425 agitatur.
937 2354 1034 2429 Tyros

57 2438 88 2490 et
103 2431 174 2506 ipsa
187 2438 248 2491 tum
263 2440 403 2493 movetur
419 2450 509 2508 quarn
525 2433 655 2493 diluitur.
689 2434 765 2492 Hae
788 2435 870 2493 lere
892 2450 1037 2494 causae

56 2515 286 2586 redduntur,
310 2523 474 2592 propter
496 2532 591 2590 quas
612 2524 748 2577 tremat
769 2524 883 2576 terra.

77 2623 79 2627 ·
119 2598 239 2659 XXVll.
263 2600 455 2673 Quaedam
477 2608 603 2659 tamen
621 2600 1064 2674 proprieinhoeCam·1

59 2698 159 2756 pano
180 2689 283 2743 motu
304 2683 504 2744 accidisse
520 2691 737 2757 narrantur,
761 2683 1035 2758 quorumratio

56 2767 254 2826 reddenda
276 2776 343 2828 est.

119 2850 236 2911 Aiunt
272 2852 368 2911 enim
411 2861 683 2911 sexcentarum
722 2851 846 2911 ovium
881 2867 1036 2926 gregem

57 2933 316 2994 exanimatum
347 2935 383 2994 in
413 2936 648 3010 Pompeiana
675 2936 844 3010 regione.
885 2935 952 2996 Nou
979 2942 1035 3010 est,

58 3034 155 3092 quare
174 3018 234 3078 hoe
254 3025 345 3093 putes
368 3019 477 3080 ovibus
498 3017 557 3079 illis
579 3020 687 3078 timore
702 3019 863 3080 accidisse.
897 3020 1064 3084 uiximusa

57 3104 159 3162 solere
171 3110 244 3177 post
257 3119 386 3177 magnos
402 3109 547 3162 terrarum
560 3110 660 3163 motus
674 3103 876 3177 pestilentiam
886 3103 962 3175 lieri,
978 3118 1036 3161 nee

56 3186 88 3245 id
109 3186 218 3246 mirum
238 3194 295 3247 est.
324 3189 416 3247 multa
438 3187 517 3245 enim
539 3187 742 3246 mortiferam
764 3187 824 3247 allo
845 3189 952 3246 latent:
983 3201 1036 3245 aer

55 3272 140 3344 ipse,
166 3269 218 3344 qui
235 3272 282 3328 vel
298 3276 446 3331 terrarum
461 3272 553 3344 culpa
567 3271 615 3330 vel
630 3268 750 3344 pigritia
762 3277 792 3327 et
806 3275 930 3329 aeterna
945 3275 1035 3330 nocte

48 3355 218 3428 torpescit,
241 3351 349 3427 gravis
365 3353 573 3413 haurientibus
596 3361 643 3413 est
661 3354 707 3412 vel
724 3358 886 3426 corruptus
902 3349 1034 3411 interno-

57 3454 122 3497 rum
144 3437 257 3512 ignium
278 3437 366 3511 vitio‚
396 3453 464 3496 curn
486 3445 533 3497 est
553 3438 645 3511 longo
666 3439 727 3497 situ
747 3435 895 3509 emissus,
924 3450 1035 3509 purum

827 3520 882 3581 19*
