2364 3840
162 190 225 254 308
452 192 485 251 L.
506 191 653 251 nannet
676 190 851 252 SENECAE

134 343 217 403 lscd
241 342 397 416 procerior
416 350 446 400 et
464 342 493 399 in
516 342 638 415 longum
659 341 817 415 producta.
853 341 990 402 Celerum
1012 360 1074 405 non
1092 353 1136 407 esl

162 427 202 485 illi
220 427 317 500 traiani
334 441 457 484 cursus:
480 426 586 485 altiora
600 424 705 483 mundi
723 432 808 484 secat
821 432 853 484 el
866 432 937 484 lunc
948 426 1072 487 demum
1084 430 1136 488 ad·

161 517 263 584 paret,
292 524 359 567 cum
381 509 410 567 in
432 510 521 566 inrurn
544 523 653 568 cursus
681 507 727 567 sui
751 507 840 567 venit.
882 508 945 567 Noc
964 518 1027 583 est,
1053 513 1136 586 quod

161 600 303 667 putemus
329 593 468 651 eumdem
490 592 588 651 visum
613 606 684 651 esse
710 590 768 650 sub
788 590 932 665 Claudio,
961 609 1054 667 quem
1080 595 1135 655 sulr

161 678 301 750 Augusto
318 676 457 734 vidimus.
481 690 537 733 nec
552 674 648 743 hunc,
667 674 718 749 qui
734 673 792 734 sub
807 674 927 734 Nerone
939 675 1073 738 Caesare
1084 679 1136 738 ad-

162 758 262 832 paruit
281 767 311 818 et
332 759 458 818 cometis
479 757 609 818 detraxit
628 756 797 829 infamiam,
817 757 860 817 illi
880 759 1009 819 similem
1031 762 1135 833 luisse,

163 843 214 915 qui
236 846 440 918 [portaerem]
463 841 524 900 divi
544 841 608 900 lulli
629 841 760 901 Veneris
782 841 862 901 ludis
877 842 1040 903 Genitricis
1055 844 1137 906 cirea

134 927 352 988 sundeoimam
368 924 473 983 horam
486 924 545 982 diei
561 925 691 985 emersit.
727 923 812 985 Multi
825 923 965 1000 variique
978 935 1060 1000 sunt,
1075 929 1135 988 dis-

161 1024 253 1082 pares
278 1007 498 1080 magnitudine,
526 1006 689 1067 dissimiles
716 1009 841 1069 colorea
864 1007 943 1069 aliis
967 1011 1065 1070 rubor
1089 1022 1136 1073 est

162 1092 228 1150 siue
243 1090 302 1150 ulla
319 1091 401 1163 lucc,
419 1090 486 1150 aliis
502 1090 617 1150 candor
631 1099 661 1150 et
674 1107 782 1166 purum
798 1091 1010 1169 liquidumque
1024 1095 1136 1168 lumen,

161 1174 228 1233 aliis
243 1172 364 1233 llarnma
379 1181 409 1234 el
423 1174 499 1234 haec
513 1191 574 1235 non
592 1174 710 1233 sincera
726 1190 783 1233 nec
797 1175 911 1248 tenuis,
936 1177 994 1237 sed
1009 1178 1134 1239 mullum

161 1256 242 1316 circa
254 1274 288 1317 se
299 1258 426 1318 volvens
439 1258 543 1316 fumidi
554 1258 683 1316 ardoris.
706 1258 822 1318 cruenti
833 1259 971 1333 quidam,
988 1261 1135 1335 minaces,

161 1342 213 1415 qui
229 1357 316 1400 omen
333 1349 404 1415 post
421 1356 455 1400 se
471 1341 560 1400 luturi
575 1339 733 1414 sanguinis
749 1342 864 1401 lerunt:
883 1340 914 1400 hi
930 1343 1070 1405 minuunt
1084 1362 1136 1404 au-

160 1431 293 1498 gentque
314 1427 414 1484 lumen
437 1440 539 1496 suum,
563 1423 818 1498 quemadmodum
839 1425 899 1484 alia
914 1423 1031 1500 sidera,
1056 1445 1136 1502 quae

160 1509 303 1579 clariora,
327 1523 395 1567 cum
411 1507 614 1578 descendere,
637 1515 707 1567 sunt
721 1505 913 1582 maioraque,
930 1509 1052 1584 quiaex
1063 1512 1135 1571 loco

159 1591 305 1665 propiore
325 1591 471 1662 visuntur,
494 1589 624 1661 minora,
646 1606 714 1650 cum
728 1591 871 1665 redeunt,
894 1599 924 1651 et
944 1590 1135 1666 obscuriora,

160 1674 232 1748 quia
248 1674 403 1732 abducunt
417 1687 451 1731 se
466 1672 617 1747 longius.“

81 1784 87 1795 ·
131 1766 145 1816 1
220 1756 327 1815 XVlll.
351 1755 552 1816 Adversus
572 1756 645 1815 hoc
667 1757 845 1831 protinus
867 1759 1137 1831 respondetur

160 1855 219 1898 non
242 1839 321 1898 idem
336 1839 476 1899 accidere
491 1840 519 1898 in
538 1840 679 1912 cometis,
703 1840 786 1914 quod
801 1839 830 1899 in
847 1840 967 1900 ceteris.
996 1850 1135 1903 cometae

159 1922 239 1981 enim
261 1940 322 1997 quo
344 1923 471 1996 primum
494 1923 543 1982 die
566 1921 777 1996 adparuerint,
800 1922 921 1982 maximi
940 1932 1020 1985 sunt.
1050 1928 1134 2001 atqui

160 2006 307 2065 deberent
322 2021 475 2079 crescere,
498 2023 559 2079 quo
575 2007 702 2080 propius
718 2006 911 2065 accederentr
933 2022 1016 2067 nunc
1033 2016 1134 2068 autern

159 2097 259 2148 manet
273 2089 331 2149 illis
347 2091 444 2164 prima
456 2090 564 2162 iacies,
581 2090 680 2150 donec
692 2088 837 2164 incipiant
848 2090 1011 2164 exstingui.
1042 2091 1134 2151 Dein-

159 2171 198 2230 dc
215 2173 295 2245 quod
319 2173 468 2232 adversus
485 2174 618 2247 priores,
641 2174 730 2233 etiam
746 2173 896 2233 adversus
910 2172 993 2233 hunc
1007 2173 1133 2234 dicitur:

159 2255 185 2312 si
200 2262 314 2312 erraret
328 2263 461 2314 cometes
476 2264 620 2330 essetque
632 2257 734 2328 siduS,
750 2255 828 2316 intra
838 2256 975 2330 signiferi
987 2258 1133 2318 terminos

158 2346 345 2409 moveretur,
373 2338 450 2396 intra
472 2355 551 2411 quos
573 2354 662 2398 omne
683 2339 769 2399 sidus
790 2355 899 2400 cursus
917 2356 993 2401 suos
1009 2341 1133 2415 colligit.

130 2421 327 2494 dNunrqua'm
347 2421 475 2495 adparet
493 2423 580 2482 stella
600 2438 656 2495 per
676 2423 802 2482 stellam.
835 2423 918 2483 acics
940 2429 1045 2484 nostra
1071 2441 1133 2484 non

158 2513 260 2580 potest
276 2521 331 2580 per
346 2506 478 2564 medium
492 2506 578 2573 sidus
594 2506 691 2577 exire,
714 2514 747 2566 ut
761 2522 816 2580 per
830 2507 904 2566 illud
918 2507 1047 2568 editiora
1062 2524 1133 2581 pro·

159 2590 281 2664 spiciam
303 2605 357 2664 per
373 2597 509 2649 cometen
528 2596 627 2648 autern
646 2605 707 2648 non
730 2589 815 2649 aliter
833 2605 924 2664 quarn
946 2605 1003 2664 per
1020 2590 1134 2650 nubem

158 2672 303 2734 ulteriora
315 2680 492 2732 cernuntur:
514 2689 553 2732 ex
569 2689 630 2746 quo
642 2673 769 2746 adparet
782 2673 865 2733 illum
876 2689 938 2732 non
949 2687 1021 2732 esse
1033 2672 1133 2749 sidus,

159 2757 216 2816 sed
231 2757 328 2816 levem
344 2757 444 2830 ignem
460 2771 495 2814 ac
509 2756 744 2816 tumultuarium.

129 2852 144 2902 1
219 2839 295 2899 XlX.
317 2840 443 2900 Zenon
462 2846 597 2898 noster
617 2839 653 2898 in
668 2837 1036 2900 illasententiaesl=
1058 2855 1133 2899 con·

157 2937 266 2997 gruere
288 2922 402 2983 iudicat
422 2923 525 2983 stellas
546 2929 575 2982 ct
589 2923 694 2983 radios
708 2923 785 2982 inter
801 2938 836 2982 se
850 2923 1045 2985 committere.
1071 2923 1134 2983 hac

158 3003 304 3067 societate
329 3007 449 3066 luminis
476 3006 625 3067 exsistere
649 3007 810 3080 imaginem
837 3005 943 3067 stellae
972 3006 1133 3081 longioris.

156 3091 237 3165 Ergo
258 3089 410 3163 quidam
430 3091 530 3150 nullos
546 3106 617 3150 esse
632 3088 967 3162 cometasexistimant,
991 3089 1133 3166 sedspe·

159 3176 234 3234 ciem
253 3174 371 3233 illorum
393 3189 449 3246 per
469 3174 732 3247 repercussionem
749 3174 916 3233 vicinorum
930 3173 1065 3234 siderum
1080 3183 1135 3235 aut

129 3267 213 3331 uper
232 3255 474 3317 coniunctionem
496 3257 722 3317 cohaerentium
736 3257 834 3316 reddi.
869 3255 1027 3329 Quidam
1048 3257 1135 3318 aiunt

158 3357 229 3399 esse
242 3341 378 3415 quidem,
403 3338 458 3398 sed
473 3338 585 3398 habere
602 3357 710 3400 cursus
726 3356 800 3400 suos
816 3348 845 3399 et
859 3346 931 3414 post
940 3347 1024 3400 certa
1035 3341 1135 3402 lustra

159 3424 403 3499 inconspectum
417 3423 587 3482 mortalium
602 3424 695 3484 exire.
728 3423 884 3496 Quidam
907 3438 978 3483 esse
996 3424 1133 3501 quidem,
