2364 3840
148 190 212 255 220
438 189 471 248 t.
491 154 637 246 Annam
658 184 834 245 senecas

150 340 333 401 colebantur.
366 355 427 399 non
444 339 523 397 enim
545 351 616 396 esse
632 335 793 409 pluvialem
809 334 902 407 banc,
919 351 1000 411 quae
1014 335 1123 397 vastis·

150 423 228 486 simu
249 421 374 483 flumina
395 439 413 480 a
436 423 519 481 lonte
535 420 634 481 statim
649 425 720 492 apta
734 417 854 492 magnis
869 418 1001 493 navigiis
1016 420 1122 488 delert,

150 523 189 566 ex
210 507 270 568 hoc
291 506 449 579 intellegas
473 505 557 575 licet,
580 502 664 578 quod
688 517 743 576 per
763 500 893 561 hiemem
914 509 1126 578 aestatemque

151 608 206 666 pm
220 599 267 650 est
280 606 298 648 a
313 590 412 662 capite
427 589 572 648 deiectus.
596 585 703 646 Pluvia
717 590 819 660 potest
832 586 936 646 lacere
950 592 1126 659 torrentem,

149 691 211 734 non
228 681 329 748 potest
345 687 461 731 amnem
476 671 596 744 aequali
612 671 689 729 inter
702 670 786 744 ripas
808 684 882 729 suas
897 676 1008 730 tenore
1023 670 1124 730 laben-

150 766 224 830 tem,
244 773 334 831 quent
349 771 409 814 non
426 755 539 814 iaciunt
553 752 680 825 imbres,
702 752 759 812 sed
773 753 906 817 incitant.

122 888 134 939 t
210 881 273 939 xlt.
301 879 417 939 Paulo
440 886 663 952 repetamus
683 877 755 937 hoc
781 877 919 949 altius,
946 873 974 937 si
997 876 1125 949 videtur,

150 972 180 1023 et
201 965 281 1022 scies
302 969 331 1022 to
352 979 413 1022 non
434 962 547 1022 habere
573 962 657 1037 quod
678 976 824 1035 quaeras,
850 975 920 1021 cum
935 958 986 1020 ad'
999 974 1125 1019 veram

150 1046 314 1106 amnium
339 1045 527 1120 originem
552 1043 733 1105 accesseris.
762 1042 888 1103 Flumen
915 1059 1029 1119 nempe
1057 1043 1125 1102 iecit

151 1130 241 1204 copia
256 1146 428 1206 cursusque
449 1145 549 1204 aquae
570 1127 721 1204 perennis.
750 1142 824 1201 ergo
847 1125 874 1187 si
895 1127 1020 1201 quaeris
1037 1142 1124 1198 arne,

152 1215 308 1288 quomodo
326 1231 407 1288 aqna
423 1214 490 1286 liat,
515 1210 708 1284 interrogabo
730 1211 874 1283 invicem,
901 1210 1061 1283 quomodo
1076 1225 1126 1268 aer

120 1297 205 1358 litat
229 1305 281 1358 aut
305 1307 393 1358 terra.
424 1295 615 1372 †Acgyptii
641 1301 775 1368 quatuor
802 1294 954 1353 elementa
980 1294 1127 1356 lecerunt.

153 1382 264 1442 deinde
280 1397 319 1440 ex
334 1380 460 1454 singulis
477 1378 562 1448 bina,
578 1378 671 1435 maria
685 1385 715 1437 et
730 1376 874 1436 femineae
894 1380 999 1436 aerem
1013 1391 1125 1436 marem

152 1466 301 1537 iudicant,
314 1479 376 1537 qua
388 1469 496 1521 ventus
504 1466 565 1532 est,
580 1456 735 1534 seminam,
749 1476 810 1535 qua
821 1459 984 1520 nubilosus
996 1468 1027 1521 et
1037 1460 1126 1519 iners.

152 1563 264 1622 acquam
287 1544 400 1603 virileni
425 1550 538 1603 vocant
561 1558 658 1616 nrarc,
684 1544 862 1604 muliebrem
882 1559 1007 1603 omnem
1029 1542 1125 1603 aliam.

152 1632 251 1704 ignem
265 1633 375 1686 vocant
390 1627 571 1697 masculum,
595 1642 657 1700 qua
671 1628 759 1687 ardet
773 1626 910 1700 llamma,
933 1633 964 1687 et
977 1625 1126 1698 feminam,

153 1728 214 1787 qua
228 1713 308 1769 lucet
318 1710 461 1768 innoxius
474 1717 565 1770 tactu.
590 1717 699 1770 terram
715 1709 869 1771 fortiorem
880 1726 997 1770 marem
1008 1718 1125 1781 vocant,

153 1809 230 1851 saxa
247 1798 428 1867 cautesque:
451 1793 580 1852 leminac
595 1809 704 1853 nomen
722 1795 883 1868 adsignant
897 1793 969 1854 huic
981 1793 1124 1854 tractabili

123 1883 183 1945 3ct
200 1875 307 1934 cultae.
329 1878 350 1950 τ
374 1876 436 1935 Sed
458 1877 483 1935 si
505 1877 535 1936 in
557 1893 658 1937 rerum
681 1886 787 1937 natura
802 1876 953 1937 elementa
967 1886 1041 1937 sunt
1055 1893 1122 1953 quu-

154 1966 236 2029 tuor,
254 1974 316 2018 non
333 1967 421 2033 potes
437 1959 638 2034 interrogare,
654 1961 735 2020 unde
747 1976 828 2034 aqua
840 1960 902 2020 fiat.
926 1969 1037 2036 quarta
1052 1962 1123 2020 enim

155 2057 227 2116 pars
250 2048 376 2102 naturae
397 2050 460 2102 est:
493 2044 567 2118 quid
590 2059 662 2117 ergo
682 2043 812 2115 miraris,
840 2044 985 2105 sirenum
1003 2051 1124 2105 naturae

154 2133 214 2185 tam
228 2140 339 2198 magna
354 2127 452 2199 portio
468 2134 569 2200 potest
581 2127 694 2201 aliquid
709 2141 747 2184 ex
762 2142 796 2185 se
812 2143 935 2202 semper
950 2126 1125 2188 effunderet

125 2221 141 2276 t
155 2207 314 2281 Quomodo
330 2223 397 2280 aer,
420 2211 532 2284 etipse
548 2217 656 2283 qtlaria
672 2225 747 2284 pars
762 2211 880 2283 mundi,
903 2218 1017 2272 ventos
1033 2220 1063 2271 et
1075 2227 1121 2271 au-

99 2288 103 2293 “
153 2307 205 2350 ras
221 2301 335 2364 movet,
356 2291 401 2352 sic
414 2309 495 2367 aqua
508 2293 592 2353 rivos
607 2300 636 2352 et
648 2291 780 2352 flumina.
804 2293 830 2352 si
841 2302 954 2355 ventus
971 2294 1124 2356 estiluens

154 2390 220 2447 aer,
244 2382 273 2434 et
296 2374 409 2435 flumen
431 2384 478 2435 est
500 2375 599 2435 fluens
622 2393 711 2449 aqua.
748 2375 828 2436 Satis
845 2384 875 2436 et
888 2379 1016 2440 multum
1031 2378 1072 2438 illi
1085 2377 1122 2434 vi·

153 2459 231 2518 rium
247 2458 333 2532 dedi,
352 2475 421 2518 curn
438 2458 514 2532 dixi,
529 2461 710 2519 elementum
724 2467 785 2520 cst:
808 2459 976 2536 intellegis,
992 2462 1077 2537 quod
1089 2459 1124 2518 ab

154 2541 206 2603 illo
222 2544 425 2618 proficiscitur
441 2559 502 2603 non
518 2558 613 2617 posse
629 2542 772 2602 deficere.

96 2674 107 2683 ‘
127 2673 138 2725 t
215 2671 293 2731 Xlll.
315 2667 471 2740 Adiciam,
491 2675 524 2728 ut
539 2667 578 2729 ait
591 2668 715 2727 Thales:
740 2668 980 2728 valentissimum
997 2670 1123 2729 elemen-

155 2759 218 2811 tum
243 2760 298 2813 est.
332 2753 391 2813 hoc
416 2752 513 2811 luisse
534 2752 662 2826 primurn
686 2758 784 2825 putat,
809 2767 847 2811 ex
869 2752 929 2812 hoc
954 2752 1124 2812 surrexisse

157 2836 267 2894 omnia.
300 2835 363 2895 Sed
385 2851 443 2894 nos
466 2851 591 2910 quoque
606 2835 701 2896 autin
717 2836 824 2895 eadem
839 2834 1008 2908 sententia,
1033 2841 1085 2895 aut
1097 2832 1124 2891 in

156 2918 260 2976 ultimo
281 2919 347 2977 eius
364 2935 479 2979 sumus.
508 2919 636 2978 dicimus
652 2918 731 2977 enim
745 2917 844 2992 ignem
861 2935 949 2994 esse,
972 2920 1026 2994 qui
1040 2933 1124 2980 occu·

158 3009 209 3074 pet
224 3001 370 3060 mundum
390 3009 420 3060 ct
439 3001 469 3061 in
491 3017 525 3061 se
546 3011 656 3063 cuncta
670 3008 836 3062 convertat.
869 3003 952 3064 hunc
967 3003 1125 3063 evanidam

157 3084 320 3142 considere
340 3091 370 3144 et
384 3084 457 3142 nihil
474 3086 603 3159 relinqui
617 3085 699 3145 aliud
715 3086 745 3143 in
759 3101 860 3145 rerum
874 3094 984 3147 natura
999 3087 1069 3161 igue
1081 3098 1124 3144 re

157 3165 267 3226 stincto
284 3183 375 3242 quam
389 3167 556 3227 humorem.
580 3170 608 3228 in
624 3169 683 3228 hoc
698 3168 788 3229 futuri
803 3168 907 3229 mundi
922 3186 1012 3245 spem
1028 3172 1124 3229 latere

125 3252 201 3311 alta
221 3250 300 3324 ignis
322 3251 422 3310 exitus
439 3250 557 3324 mundi,
584 3252 692 3312 humor
713 3251 925 3328 primordium=
956 3252 1076 3314 miraris
1090 3264 1124 3310 ex

156 3335 216 3394 boc
231 3348 326 3409 posse
341 3349 446 3393 amnes
462 3349 584 3407 semper
599 3337 700 3410 exire,
723 3337 774 3411 qui
797 3352 851 3410 pro
868 3335 1011 3398 omnibus
1033 3335 1085 3397 luit
1098 3338 1123 3392 et

156 3433 195 3477 ex
211 3435 272 3493 quo
289 3424 360 3477 sunt
374 3417 496 3476 omnia?
517 3417 565 3475 hic
583 3418 714 3492 [humor]
730 3421 760 3478 in
776 3420 953 3480 diductione
967 3436 1070 3482 rerum
1088 3415 1122 3478 ad
