2364 3840
278 193 419 255 ulma.
435 192 597 268 culusr.
617 193 689 253 mr.
704 195 741 253 11.
762 203 878 257 o-rr.
1006 197 1069 262 raa

87 363 181 422 quam
197 345 421 406 incumbentem
437 345 525 403 terris
542 342 680 417 spiritum
697 343 842 403 adficiunt
857 352 887 404 et
901 361 992 406 cursu
1008 365 1066 410 suo

87 444 261 491 occursuve
284 428 435 488 contrario
456 427 548 486 modo
571 427 699 499 frigora,
727 427 819 487 modo
841 427 954 488 imbres
976 432 1066 491 alias·

87 529 149 590 que
164 513 253 573 terris
277 511 419 584 [turbine]
435 510 561 569 iniurias
576 516 708 568 movent.
968 510 971 515 ’

150 596 254 655 Haeo
278 595 550 654 necessarium
575 593 650 652 fuit
676 594 886 668 praeloqui
913 594 1096 666 dicturos

88 681 132 739 de
148 679 314 750 tonitru,
331 675 615 737 fulminibnsac
631 677 980 750 fulgurationibus.
997 696 1067 740 nam

89 779 158 822 cum
175 763 205 821 in
221 765 292 821 aere
305 760 393 833 fiant,
411 769 548 821 naturam
566 761 631 820 eius
648 761 794 834 explicari
812 763 988 836 oportebat,
1005 781 1066 838 quo

89 846 210 906 facilius
224 845 401 919 adpareret,
418 844 491 919 quid
507 844 607 903 facere
623 851 674 903 aut
690 845 749 918 pati
766 852 883 918 posset.

148 929 215 988 Xll.
237 928 306 986 Tria
318 936 403 1001 sunt,
418 943 498 1002 quae
512 926 668 1000 accidunt,
681 927 916 1002 fulgurationes,
933 929 1094 1003 fulmina,l

88 1013 237 1085 tonitrua,
253 1003 346 1085 'quae
372 1027 433 1070 una
459 1013 538 1069 facta
563 1011 661 1070 serius
683 1011 855 1072 audiuntur.
891 1013 1066 1088 Fulgurutio

88 1094 226 1156 ostendit
236 1094 351 1168 ignem,
367 1093 533 1153 fulminatio
546 1094 660 1152 emittit.
682 1094 749 1165 illa,
763 1102 797 1154 ut
808 1095 848 1154 ita
859 1097 966 1168 dicam,
984 1114 1066 1157 oom-

88 1178 214 1239 minatio
236 1185 298 1250 est,
321 1177 441 1236 conatio
464 1179 531 1237 sine
552 1176 628 1236 ictu:
656 1175 714 1235 ista
739 1176 879 1238 iaculatio
906 1195 972 1240 eum
996 1182 1066 1241 ictu.

88 1261 246 1335 Quaedam
269 1268 355 1332 sunt,
377 1262 416 1320 de
437 1261 549 1334 quibus
567 1261 645 1319 inter
667 1275 773 1319 omnes
795 1263 951 1334 convenit,
976 1263 1095 1335 quae-2

88 1345 160 1404 dam
174 1343 205 1404 in
220 1343 331 1418 quibus
344 1344 485 1404 diversae
497 1344 665 1404 sententiae
679 1349 757 1401 sunt.
782 1343 1067 1405 conventiculum:

88 1429 193 1488 omnia
207 1427 266 1486 ista
280 1427 309 1485 in
325 1427 456 1487 nubibus
472 1436 501 1487 et
516 1443 533 1486 e
548 1421 679 1507 nubibus
697 1427 772 1485 lieri.
802 1427 973 1486 etiamnunc
995 1444 1067 1487 con-
1102 1437 1140 1499 us

88 1513 173 1572 venit
196 1518 227 1570 et
246 1511 466 1584 fulgurationes
492 1519 521 1570 et
541 1509 765 1571 fulminationes
788 1518 840 1569 aut
864 1512 970 1585 igneas
996 1527 1067 1572 esse

87 1604 140 1656 aut
154 1595 246 1669 ignea
260 1595 373 1668 speeie.
401 1594 451 1652 Ad
465 1596 516 1653 illa
531 1611 611 1653 nunc
626 1602 833 1667 transeamus
857 1595 886 1653 in
904 1596 1014 1669 quibus
1031 1594 1097 1656 lis3

88 1686 152 1739 esti
183 1676 306 1752 quidam
327 1686 434 1752 putant
459 1679 559 1751 ignem
580 1679 682 1737 inesse
704 1678 850 1749 nubibus,
881 1680 1003 1754 quidam
1028 1682 1068 1740 ad

87 1769 212 1836 tempus
232 1759 298 1819 fieri
319 1776 376 1819 nec
398 1759 483 1834 prius
504 1776 685 1834 essequam
707 1761 790 1820 mitti.
827 1762 871 1821 Ne
895 1764 973 1824 inter
997 1764 1067 1824 illos

92 1844 234 1920 quidem,
256 1844 307 1918 qui
330 1850 515 1917 praeparant
529 1845 643 1916 ignem,
665 1843 816 1903 convenit.
844 1846 922 1904 alius
937 1847 1017 1906 enim
1033 1849 1066 1907 il-

90 1929 153 1988 lum
169 1926 291 1986 aliunde
307 1927 435 2000 colligit:
459 1926 582 2000 quidum
605 1925 688 1986 aiunt
702 1927 806 1986 radios
822 1928 897 1986 solis
912 1929 1068 1988 incurren-

87 2020 135 2072 tes
156 2018 413 2085 recurrentesque
439 2010 564 2084 saepius
585 2011 614 2068 in
630 2025 665 2069 se
679 2010 792 2069 relatos
808 2010 908 2082 ignem
924 2012 1066 2072 excitare.

88 2099 294 2168 Anaxagoras
317 2094 360 2154 ait
384 2093 466 2152 illum
493 2110 532 2152 ex
558 2093 680 2152 aethere
701 2093 848 2153 distillare
871 2102 960 2153 etex
983 2103 1066 2156 tanto

88 2178 203 2238 ardore
219 2178 296 2238 coeli
316 2179 408 2236 multa
424 2176 582 2250 decidere,
606 2193 685 2252 quae
700 2178 798 2260 nubes
817 2178 867 2237 diu
882 2179 1000 2239 inclusa
1016 2196 1063 2239 cu-

89 2262 234 2322 stodiant.
262 2262 443 2321 Aristoteles
465 2261 557 2321 multo
579 2269 648 2319 ante
663 2260 763 2335 ignem
779 2261 880 2336 colligi
896 2279 956 2323 non
973 2271 1093 2338 putati

89 2346 147 2405 sed
169 2344 279 2404 eodem
300 2350 452 2404 momento
475 2345 611 2416 exsilire,
640 2361 701 2418 quo
716 2344 777 2404 fiat.
811 2345 898 2405 cuius
916 2349 1066 2407 sententia

89 2427 160 2489 talis
177 2435 239 2488 este
264 2429 349 2488 Duae
360 2435 464 2502 partes
478 2430 582 2487 mundi
594 2432 625 2487 in
639 2432 696 2488 ima
710 2432 821 2499 iacent,
838 2437 921 2488 terra
935 2441 963 2489 et
976 2447 1066 2504 aqua.

88 2519 216 2586 utraque
237 2528 277 2570 ex
290 2528 321 2570 se
334 2512 435 2570 reddit
453 2513 582 2585 aliquid:
603 2518 737 2571 amenus
757 2528 852 2586 uapor
867 2515 964 2571 siccin
981 2521 1024 2571 est
1040 2521 1068 2572 et

86 2595 176 2668 furno
190 2598 307 2667 similis,
327 2597 379 2669 qui
389 2605 500 2666 uentos,
512 2595 644 2667 fulmina
658 2599 845 2668 tonitruaque
856 2594 944 2666 facit.
966 2611 1066 2668 uqua-

87 2695 157 2739 rum
177 2679 287 2737 nalitus
307 2679 444 2741 nundum
462 2685 506 2736 est
521 2687 549 2737 et
564 2682 594 2737 in
615 2681 720 2737 imbres
744 2684 773 2736 et
792 2680 872 2736 niues
892 2678 979 2736 cedit.
1008 2678 1094 2742 Sede

87 2765 185 2823 acan
198 2765 248 2821 ifle
261 2768 411 2821 terrarum
421 2778 529 2836 uapor,
545 2763 624 2820 unde
638 2765 729 2821 uentis
743 2765 826 2833 oripo
841 2767 897 2834 est,
911 2778 977 2821 cum
991 2778 1066 2822 eoa-

88 2850 227 2905 ceruatus
240 2851 296 2916 est,
318 2848 396 2905 coitu
410 2847 528 2905 nubium
540 2847 723 2905 commentar
736 2847 925 2919 inpactorum
938 2863 958 2905 a
973 2848 1067 2906 latere

87 2929 228 2989 eliditur:
256 2930 376 3001 dende,
401 2930 453 2988 ubi
473 2932 563 2988 latius
589 2929 679 2988 nubes
697 2931 856 3003 proximas
878 2929 966 3001 serit,
991 2931 1066 2991 fraer

86 3015 183 3086 pfapa
202 3027 269 3070 curn
281 3027 352 3071 sono
366 3015 520 3084 incutitur,
542 3014 639 3086 quatis
658 3014 688 3070 in
708 3016 815 3072 nostris
829 3014 945 3087 ipnibus
959 3015 1066 3074 reddi-

88 3102 152 3167 tur,
173 3111 240 3154 aura
253 3097 377 3168 flamna
396 3098 463 3156 utino
482 3099 630 3168 lipnorurn
649 3099 803 3156 arentum
823 3104 936 3172 crepat.
964 3105 993 3156 et
1006 3101 1067 3157 ittic

88 3181 224 3252 spiritur,
252 3178 363 3238 frahun
383 3181 499 3252 aliquid
518 3181 634 3238 tumidi
651 3196 765 3252 secun,
792 3197 859 3241 curn
878 3182 1067 3253 conprobatus

88 3272 144 3331 est,
165 3263 316 3334 rumpitur
337 3266 478 3336 stamma:
506 3264 607 3322 eodem
629 3266 713 3324 modo
740 3267 861 3339 spiritus
889 3267 952 3335 itte,
982 3280 1067 3338 quem

87 3348 179 3422 panto
195 3350 265 3402 ante
278 3348 409 3419 exprimi
420 3349 537 3405 confisis
550 3347 673 3406 nubibus
685 3349 764 3417 diui,
779 3351 916 3421 inpactus
930 3350 999 3405 aliis
1012 3362 1067 3405 nec

88 3430 191 3504 rumpi
201 3442 258 3487 nee
271 3430 392 3488 eucine
404 3432 518 3488 silentio
528 3436 630 3503 potest.
652 3432 809 3490 Dissimilis
824 3435 923 3488 autern
937 3431 1093 3502 crepitaret
