2364 3840
149 183 193 247 44
445 183 478 242 L.
491 183 636 243 ANNAEI
654 183 829 244 SENECAE

119 357 133 409 1
212 335 291 394 XIV.
313 333 450 408 „Deinde
465 334 612 408 pauciora
627 340 717 393 erunt
737 333 901 408 beneficia,
918 335 976 395 sed
991 334 1132 399 verioraae

151 420 224 494 quid
240 424 340 478 autem
356 416 427 476 mali
443 425 491 476 est
505 416 632 475 inhiberi
648 417 867 479 beneficiorum
889 419 1132 480 temeritatem*

149 505 215 564 Hoc
230 503 310 561 enim
325 503 426 576 ipsum
445 501 542 579 secuti
557 508 641 571 sunt,
659 502 711 575 qui
721 502 839 560 nullam
855 503 953 575 legem
966 502 1043 564 huic
1059 521 1131 564 con-

150 588 327 658 stituerunt,
342 592 375 644 ut
390 584 641 657 circumspectius
657 585 856 656 donaremus,
873 585 1132 661 circumspectius

118 691 135 743 2
150 671 333 745 eligeremus
350 683 420 739 eos,
437 667 467 725 in
483 683 562 741 quos
577 668 682 726 merita
696 669 902 729 conteruntur.
923 669 1025 730 Etiam
1037 679 1133 747 atquc

150 755 240 814 etiam
256 752 305 811 cui
321 751 376 810 des
393 748 570 810 considera=
599 751 681 810 nulla
695 750 774 811 actio
790 753 861 824 erit,
879 755 961 813 nulla
975 756 1132 829 repetitio.

150 854 251 908 erras,
269 836 295 893 si
311 834 467 894 existimas
491 850 708 895 succursurum
729 834 782 894 tibi
803 836 943 895 iudicem.
977 839 1067 898 nulla
1082 841 1133 900 lex

152 929 180 981 te
195 922 224 979 in
242 919 390 993 integrum
402 919 556 979 restituet:
586 920 682 978 solam
702 919 879 993 accipientis
901 921 995 980 iidem
1011 931 1132 997 specta

149 1006 217 1064 Hoc
233 1003 325 1063 modo
341 1001 491 1062 beneficia
506 1003 716 1062 auctoritatem
730 1019 818 1063 suam
839 1011 941 1064 tenent
962 1012 993 1065 et
1014 1007 1132 1081 magni·

118 1100 136 1155 3
151 1089 211 1149 fica
226 1094 312 1146 sunt:
328 1086 449 1160 pollues
462 1086 527 1158 illa,
542 1087 568 1146 si
584 1087 740 1146 materiam
752 1087 846 1145 litium
857 1088 977 1148 feceris.
996 1091 1132 1165 Aequis

151 1173 229 1230 sima
240 1187 300 1229 vox
315 1177 362 1230 est
376 1178 406 1229 et
420 1171 467 1231 ius
478 1171 612 1244 gentium
626 1171 869 1243 praeseferens,
889 1171 1010 1232 redde
1026 1176 1133 1248 quod

150 1255 279 1314 debes.
304 1253 381 1313 haec
397 1254 574 1328 turpissima
588 1260 635 1312 est
650 1253 679 1311 in
695 1253 859 1325 beneficio,
876 1253 1007 1314 reddet
1029 1257 1133 1331 Qutdt

148 1338 257 1398 reddet
269 1338 362 1398 vitam
378 1354 469 1411 quarn
485 1338 596 1396 debete
617 1335 812 1409 dignitatem?
837 1339 1057 1399 securitatem?
1085 1359 1132 1402 sa-

117 1424 293 1485 tnitatem‘t
320 1421 408 1480 reddi
425 1420 556 1478 maxima
572 1434 713 1494 quaeque
728 1437 789 1480 non
805 1429 945 1494 possunt.
974 1427 1064 1496 „Aut
1076 1442 1131 1500 pro

148 1505 212 1578 his,
235 1505 347 1579 iuquit,
371 1503 488 1578 aliquid
504 1504 587 1576 quod
603 1504 676 1562 tanti
689 1505 757 1563 sit.“
791 1505 857 1564 Hoc
875 1512 923 1564 est
937 1508 1025 1580 quod
1050 1509 1131 1568 dice

147 1589 228 1661 ham,
245 1587 432 1650 interituram
446 1594 548 1647 tantae
561 1587 606 1646 rei
616 1587 799 1661 dignitatem,
817 1586 843 1648 si
855 1588 1040 1650 beneficium
1055 1609 1132 1652 mer·

150 1689 215 1732 cem
234 1673 372 1731 iacimus.
401 1671 468 1730 Non
491 1678 539 1730 est
560 1671 728 1731 inritandas
752 1672 870 1731 animus
892 1672 932 1730 ad
958 1675 1131 1748 avaritiam,

149 1757 188 1814 ad
205 1757 361 1830 querelas,
385 1755 424 1814 ad
445 1755 645 1814 discordiam:
676 1772 733 1815 sua
753 1764 863 1829 sponte
888 1755 919 1813 in
940 1756 1001 1816 ista
1024 1761 1132 1821 fertur.

150 1846 295 1915 quantum
317 1855 484 1912 possumus
509 1838 689 1898 resistamus
709 1847 738 1897 et
759 1839 915 1913 quaerenti
942 1843 1132 1905 occasiones

150 1929 352 1997 amputemus.

118 2019 133 2071 1
211 2006 275 2065 XV.
301 2005 422 2066 Utinam
439 2004 563 2079 quidem
579 2005 766 2077 persuadere
783 2022 961 2086 possemus,
984 2015 1021 2069 ut
1035 2027 1133 2086 pecu·

148 2090 215 2150 nias
231 2090 362 2148 creditas
377 2095 492 2147 tantum
508 2089 709 2149 avolentibus
721 2091 911 2165 acciperent!
933 2091 1056 2154 utinam
1068 2098 1133 2157 nui·

147 2175 177 2231 la
192 2173 347 2245 stipulatio
361 2178 527 2245 emptorem
541 2173 688 2232 venditori
702 2174 863 2247 obligaret!
882 2188 939 2232 nec
951 2184 1049 2249 pacta
1061 2195 1134 2240 con·

148 2264 304 2328 ventoque
319 2255 469 2328 inpressis
484 2254 580 2328 signis
596 2255 836 2317 custoth'rentur!
863 2258 941 2317 fides
957 2261 1069 2333 potius
1084 2264 1134 2324 iila

117 2351 135 2403 2
150 2346 287 2397 servaret
301 2346 331 2398 et
343 2354 475 2412 aequum
490 2339 595 2399 coiens
611 2341 745 2400 animust
778 2340 840 2400 Sed
854 2345 1040 2404 necessaria
1054 2349 1132 2423 opti·

148 2421 206 2481 mis
222 2423 429 2495 praetulerunt
444 2429 473 2482 et
487 2438 598 2496 cogere
613 2425 704 2484 fidem
721 2441 813 2497 quarn
831 2431 975 2499 spectare
993 2431 1131 2492 metunt:

148 2505 329 2566 adhibentur
344 2505 381 2564 ab
397 2513 527 2581 utraque
542 2515 629 2581 parte
643 2515 754 2567 testes=
785 2507 834 2566 iile
848 2524 904 2582 per
917 2507 1045 2573 tabutas
1061 2517 1133 2590 plu-

145 2587 223 2648 rium
239 2588 361 2649 nomina
375 2590 562 2666 interpositis
578 2591 707 2665 parariis
723 2592 802 2651 tacit.
827 2593 878 2652 ille
893 2607 954 2651 non
970 2602 1023 2655 est
1038 2594 1131 2659 inter-

113 2674 305 2747 erogatione
320 2682 496 2747 contentuS,
518 2675 577 2734 nisi
591 2690 676 2734 reum
697 2691 788 2735 manu
810 2692 867 2735 sua
884 2676 992 2735 tenuit
1029 2679 1054 2740 0
1070 2690 1131 2743 tur·

146 2773 217 2832 pem
242 2757 365 2817 humani
390 2760 511 2833 generis
538 2759 589 2834 [et]
616 2759 732 2818 fraudis
752 2774 788 2818 ac
812 2759 968 2836 nequitiae
982 2764 1131 2836 publicae

147 2841 389 2901 consessionem!
420 2841 519 2902 anulis
534 2842 648 2902 nostris
662 2845 731 2916 plus
749 2860 839 2916 quam
854 2843 963 2903 animis
980 2849 1129 2910 creditur.

146 2923 179 2982 In
196 2925 269 2998 quid
290 2925 340 2986 isti
361 2926 419 2985 viri
440 2927 537 2986 ornati
559 2925 683 2985 adhibiti
706 2934 796 2986 sunt?
821 2926 851 2986 in
867 2927 942 3001 quid
957 2927 1132 3004 inprimunt

147 3008 255 3082 signat
282 3026 394 3084 nempe
415 3026 454 3068 ne
475 3010 524 3067 ille
546 3017 637 3084 neget
656 3011 816 3084 accepisse
841 3027 875 3072 se
891 3013 977 3086 quod
993 3017 1129 3091 accepit

144 3089 209 3151 Hos
225 3092 421 3167 incorruptos
438 3094 520 3151 viros
536 3101 565 3153 et
580 3093 717 3153 vindices
734 3096 869 3155 veritatis
886 3095 1076 3159 existimas?
1102 3105 1131 3159 at

143 3175 192 3237 his
214 3179 291 3252 ipsis
313 3192 375 3235 non
398 3176 483 3235 aliter
503 3180 602 3236 statim
628 3177 778 3250 pecuniae
803 3179 1042 3242 committentur.
1087 3185 1130 3244 lta

143 3277 206 3320 non
224 3260 383 3318 honestius
400 3267 497 3320 erata
512 3261 693 3335 quibusdam
710 3261 802 3321 fidem
817 3263 878 3322 falli
895 3279 991 3338 quam
1006 3265 1048 3326 ab
1065 3283 1129 3327 om·

109 3348 130 3405 4
144 3342 234 3402 nibus
251 3342 408 3416 perfidiam
425 3344 542 3403 timeri?
560 3345 626 3404 Hoc
640 3361 734 3404 unum
746 3346 835 3406 deest
848 3345 1014 3422 avaritiae,
1033 3356 1069 3411 ut
1077 3351 1129 3411 be·

144 3425 255 3484 neficia
271 3427 337 3484 sine
352 3443 505 3501 sponsore
520 3444 581 3488 non
604 3428 721 3487 demus.
756 3430 905 3489 Generosi
920 3432 1018 3492 animi
1035 3442 1087 3496 est
1101 3442 1129 3495 et
