2364 3840
278 87 419 150 NATUR.
436 86 597 160 QUAEST.
619 87 759 146 LIB.V1.
782 97 880 148 2—5.
1005 87 1067 151 275

90 237 222 300 inveniri
240 238 367 312 'dignius
389 245 505 313 potest,
533 239 582 298 oui
609 253 644 297 se
666 254 726 298 non
747 246 863 298 tantum
885 243 1065 312 commodet,

91 323 148 384 sed
165 321 320 397 inpendat.
560 312 567 323 “

154 406 206 463 lV.
229 404 463 477 Quaeramus
480 420 585 478 ergo,
608 405 699 478 quid
722 404 787 475 sit,
812 405 1096 479 quodterraml

91 491 135 549 ab
158 488 293 548 inlimo
316 496 480 560 moveat,
505 488 589 562 quod
611 488 684 546 tanti
707 489 816 548 molem
839 487 986 562 ponderis
1001 491 1065 563 pel-

90 576 146 646 lat,
169 571 245 646 quid
264 572 303 630 sit
322 571 373 629 illa
393 572 555 644 valentius,
579 571 663 646 quod
682 578 796 631 tantum
812 588 889 634 onus
908 573 937 630 vi
952 588 1009 631 sua
1024 575 1065 632 la-

89 656 233 727 befactet,
257 670 311 714 cur
331 654 423 713 modo
439 662 560 728 tremat,
582 655 675 715 modo
692 657 791 714 laxata
807 655 961 729 subsidat,
984 673 1066 716 nunc

90 740 119 798 in
136 747 240 814 partes
257 736 356 796 divisa
372 738 510 796 discedat
525 747 555 798 et
570 739 644 797 alias
661 740 850 798 intervallum
869 741 974 799 ruinae
989 755 1066 799 suae

91 822 141 881 diu
158 828 274 892 servet,
296 821 372 879 alias
388 823 446 881 cito
464 824 646 895 conprimat,
668 839 748 882 nuno
764 840 869 884 amnes
885 824 1064 897 magnitudi-

89 907 137 965 nis
148 913 240 965 notae
252 912 409 964 convertat
420 906 596 976 introrsum,
610 922 691 964 nunc
703 921 801 989 noyos
814 907 976 981 exprimat,
993 924 1064 982 ape-

88 990 147 1048 riat
166 988 331 1062 aliquando
354 1003 501 1062 aquarum
525 989 685 1048 calentium
702 1005 813 1061 venas,
836 989 1000 1064 aliquando
1018 1008 1064 1051 re-

90 1073 230 1147 frigeret,
245 1072 395 1146 ignesque
411 1087 638 1144 nonnumquam
653 1088 708 1146 per
724 1073 848 1146 aliquod
861 1074 996 1145 ignotum
1012 1092 1064 1132 an-

87 1164 137 1216 tea
152 1154 263 1215 montis
281 1162 333 1214 aut
347 1155 432 1228 rupis
449 1157 584 1214 toramen
600 1155 728 1228 emittat,
748 1156 912 1228 aliquando
929 1163 1020 1215 notos
1036 1165 1065 1214 et

88 1255 147 1315 per
168 1240 274 1298 secula
295 1238 414 1297 nobiles
437 1239 614 1313 conprimat.
647 1239 728 1298 lllille
743 1239 888 1298 miracula
903 1246 1008 1298 movet
1021 1240 1084 1297 la-'

90 1323 230 1396 ciemque
242 1328 336 1381 mutat
347 1321 423 1381 locis
436 1329 465 1380 et
478 1323 575 1382 desert
587 1331 719 1393 montes,
740 1322 867 1396 subrigit
881 1323 986 1395 plana,
1002 1324 1063 1381 val-

90 1409 136 1467 les
152 1405 327 1475 extuberat,
351 1408 448 1464 notas
464 1406 492 1463 in
509 1407 662 1479 profundo
678 1406 793 1465 insulas
810 1407 911 1479 erigit:
933 1406 1009 1465 haec
1025 1423 1064 1465 ex

59 1499 67 1506 ·
89 1490 201 1565 quibus
218 1489 319 1548 causis
336 1490 476 1548 accidant
490 1490 582 1563 digna
597 1507 647 1549 res
663 1492 772 1549 excuti.
803 1536 820 1563 „
830 1490 935 1563 Quod,
952 1489 1096 1565 inquiat

88 1574 146 1632 erit
159 1572 289 1647 pretium
306 1577 464 1646 operaet“
488 1589 548 1645 quo
564 1574 678 1631 nullum
693 1575 792 1633 maius
808 1583 871 1648 est,
898 1590 993 1635 nosse
1010 1591 1063 1632 na-

87 1663 195 1716 turam.
224 1657 419 1730 nequeenim
435 1658 597 1729 quicquam
613 1655 705 1714 habet
720 1657 748 1713 in
765 1671 799 1715 se
812 1657 902 1716 huius
919 1661 1064 1718 materiae

86 1739 225 1800 tractatio
241 1739 411 1814 pulchrius,
435 1755 501 1798 cum
519 1739 736 1818 multa-habeat
751 1739 850 1797 lutura
865 1741 949 1813 usui,
973 1757 1063 1814 quam

90 1824 174 1898 quod
194 1823 348 1882 hominem
371 1821 594 1896 magnificentia
616 1823 661 1880 sai
682 1822 808 1894 detinet,
835 1838 892 1880 nec
912 1823 1063 1896 mercede,

88 1908 146 1967 sed
161 1907 306 1966 miraculo
325 1906 441 1965 colitur.
464 1904 664 1980 Inspiciamus
680 1920 768 1979 ergo,
790 1906 854 1978 quit
870 1905 921 1976 sil,
938 1914 1065 1980 propter

90 1992 173 2066 quod
199 1990 276 2049 haec
302 1990 455 2048 accidant:
482 2005 610 2063 quorum
634 1989 712 2048 adeo
738 1996 784 2048 est
805 1987 876 2046 mihi
899 1988 998 2049 dulcis
1020 1989 1062 2047 in-

87 2074 222 2150 spectio,
245 2080 276 2132 ut
297 2073 436 2147 quamvis
459 2073 625 2146 aliquando
649 2072 687 2131 de
707 2081 789 2131 motu
812 2079 960 2132 terrarum
975 2075 1062 2133 voln-

87 2173 156 2216 men
180 2157 325 2216 ediderim
346 2157 480 2228 iuveniS,
507 2164 606 2215 tamen
631 2164 777 2232 temptare
798 2172 847 2215 me
871 2159 1018 2218 voluerim
1035 2165 1064 2216 et
1125 2155 1126 2158 ’

88 2239 236 2316 experiri,
270 2257 307 2298 an
335 2248 418 2299 aetas
444 2241 560 2314 aliquid
587 2239 676 2300 nobis
700 2241 812 2301 autad
834 2239 991 2300 scientiam
1013 2249 1065 2299 aut

89 2331 171 2384 certe
186 2324 225 2382 ad
241 2323 424 2398 diligentiam
440 2323 594 2382 adiecerit.

149 2408 189 2466 V.
222 2407 396 2479 Causam,
430 2423 503 2480 qua
531 2414 635 2465 terra
662 2404 898 2472 concutitur,
932 2404 999 2462 alii
1028 2404 1094 2461 inl

87 2506 188 2566 aqua
210 2505 313 2563 esse,
343 2489 409 2548 alii
433 2491 468 2547 in
491 2490 663 2564 ignibus,
693 2487 760 2547 alii
783 2489 817 2545 in
841 2488 929 2563 ipsa
949 2494 1064 2558 terra,

88 2570 1063 2648 aliiinspirituputaverunt:aliiinpluribus,alii

87 2659 123 2717 in
146 2657 322 2719 omnibus
339 2655 408 2716 his.
434 2656 755 2732 quidamliquere
776 2653 877 2729 ipsis
895 2653 1064 2726 aliquam

87 2758 130 2800 ex
160 2741 250 2800 istis
279 2756 433 2800 causam
462 2756 552 2800 esse
580 2740 780 2811 dixerunt,
814 2737 880 2796 sed
913 2752 986 2795 non
1015 2739 1062 2795 li-

88 2841 224 2900 quere,
249 2840 348 2900 quae
371 2830 488 2884 esset.
525 2824 610 2883 Nunc
632 2822 752 2895 singula
772 2835 954 2895 persequar.
986 2821 1094 2880 lllud2

87 2918 157 2970 ante
170 2907 271 2970 omnia
282 2909 445 2969 dicendum
458 2914 518 2979 est,
535 2906 743 2982 opiniones
758 2913 917 2964 veteres
931 2921 1063 2979 parum

87 3001 248 3054 exactas
267 3008 355 3052 esse
377 3000 407 3053 et
420 2993 524 3052 rudes.
558 2989 644 3049 Circa
657 3005 764 3048 verum
780 2989 879 3049 adhuc
895 2987 1062 3048 errabatur.

87 3097 169 3140 nova
184 3078 284 3139 omnia
301 3086 386 3137 erant
402 3078 499 3152 primo
515 3074 740 3150 temptantibus.
765 3081 874 3148 postea
889 3071 997 3130 eadem
1013 3069 1063 3127 illa

87 3164 190 3224 limata
206 3168 335 3235 suntet,
352 3163 378 3222 si
395 3162 469 3237 quid
483 3162 636 3219 inventum
653 3166 713 3231 est,
729 3158 787 3217 illis
804 3155 999 3216 nihilominus
1015 3167 1061 3210 re-

87 3249 159 3308 lerri
176 3248 267 3307 debet
281 3253 455 3322 acceptam:
478 3244 577 3318 magni
590 3242 680 3303 animi
696 3240 750 3301 luit
764 3256 865 3299 rerum
881 3245 1006 3296 naturae
1020 3236 1061 3291 la·

85 3333 191 3394 tebras
213 3330 369 3387 dimovere
390 3343 492 3401 neque
513 3334 686 3386 contentum
710 3322 936 3462 exteriorilgius
951 3318 1061 3390 adspe-
