2364 3840
257 179 396 238 NATUR.
414 177 575 251 QUAEST.
600 178 671 238 LIB.
685 178 750 236 vti.
773 185 905 238 ils-24.
1007 176 1069 241 311

94 349 260 406 nurnquam
281 338 414 391 cometes
436 330 465 389 in
488 331 579 389 imum
600 344 700 405 usque
721 329 876 390 dimittitur
899 345 999 406 neque
1016 332 1069 391 ad-

95 419 284 494 propinquat
303 416 380 474 solo.

156 499 260 559 XXlll.
288 498 468 558 Etiamnunc
488 494 566 570 ignis
589 504 640 556 aut
657 497 693 567 it,
717 513 778 571 quo
793 498 875 557 illum
892 505 998 557 natura
1013 505 1097 558 suat

93 584 194 655 ducit,
219 583 250 641 id
273 590 320 641 est
341 597 479 653 sursum,
510 590 634 651 anteo,
659 597 719 654 quo
740 580 830 640 trahit
850 581 989 654 materia,
1020 583 1069 641 oui

94 667 235 727 adhaesit
255 672 284 724 et
302 681 392 740 quam
407 665 598 739 depascitur:
621 664 710 722 nullis
725 663 846 738 ignibus
863 665 1023 726 ordinariis
1040 674 1069 725 et

92 750 278 812 coelestibus
300 749 356 806 iter
375 746 490 806 flexum
507 755 563 807 est.
594 746 703 807 sideris
719 748 876 823 proprium
893 757 940 809 est
955 749 1068 808 ducere

39 904 41 911 ¹
94 835 215 894 orbem:
238 832 321 906 atqui
342 830 402 891 hoc
422 846 459 888 an
476 838 613 890 cometae
627 831 840 905 feceruntalii,
860 833 980 892 neseio:
1005 831 1066 891 duo

94 925 199 977 nostra
221 922 318 974 aetate
341 915 486 973 lecerunt.
519 913 636 972 Deinde
659 930 763 987 omne,
788 917 870 990 quod
886 932 976 975 causa
995 918 1097 975 tem-2

94 1001 207 1076 poralis
229 998 382 1070 accendit,
411 997 469 1057 cito
490 996 655 1057 intercidit:
678 998 723 1056 sio
745 999 828 1058 laces
852 1001 972 1073 ardent,
996 999 1067 1057 dum

94 1091 260 1143 transeunt.
293 1081 338 1140 sio
360 1081 483 1140 fulmina
508 1081 538 1139 in
558 1097 649 1139 unum
670 1082 772 1139 valent
793 1081 894 1142 ictum.
926 1083 1067 1156 sicquae

91 1175 287 1226 transversae
309 1165 449 1225 dicuntur
470 1165 576 1224 stellae
597 1173 626 1224 et
653 1164 813 1235 cadenteS,
843 1168 1069 1239 praetervolant

92 1260 123 1310 et
144 1258 250 1310 seoant
270 1251 356 1308 aera:
379 1247 469 1308 nullis
492 1248 612 1323 ignibus
631 1248 689 1305 nisi
704 1249 734 1306 in
750 1263 807 1307 suo
823 1264 908 1308 mora
923 1255 984 1320 est,
1007 1247 1067 1308 illis

92 1335 162 1395 dieo
184 1332 308 1406 divinis,
331 1348 409 1405 quos
431 1331 522 1391 habet
542 1333 673 1391 mundus
695 1338 851 1406 aeternos,
876 1333 947 1407 quia
964 1339 1066 1405 partes

91 1418 158 1477 eius
180 1425 250 1476 sunt
271 1424 299 1475 et
322 1432 426 1490 opera.
455 1415 484 1474 hi
507 1424 605 1475 antem
626 1415 741 1489 aliquid
758 1423 852 1489 agunt
865 1423 894 1475 et
909 1416 1024 1475 vadunt
1038 1423 1068 1475 et

91 1508 228 1561 tenorem
243 1516 331 1560 suum
346 1507 470 1558 servant
483 1516 633 1574 paresque
646 1505 725 1557 sunt.
748 1515 809 1558 non
820 1498 943 1559 alternis
957 1499 1065 1558 diebus

92 1585 224 1645 maiores
244 1585 416 1642 minoresve
432 1579 558 1656 fierent,
584 1584 608 1642 si
630 1583 709 1656 ignis
732 1590 815 1643 esset
835 1583 1020 1644 collecticius
1037 1588 1067 1641 et

91 1683 131 1727 ex
153 1669 253 1743 aliqua
276 1683 369 1726 causa
390 1668 588 1740 repentinus?
607 1666 705 1727 minor
719 1668 796 1726 enim
813 1676 896 1728 esset
910 1683 945 1726 aa
960 1666 1065 1738 maior,

91 1758 183 1826 prout
208 1750 327 1826 plenius
354 1750 483 1810 aleretur
509 1757 559 1808 aut
587 1751 756 1824 malignius.
801 1752 945 1811 Dicebam
974 1751 1094 1811 modos

91 1836 199 1907 [modo]
225 1834 297 1893 nihil
319 1835 490 1893 diuturnum
513 1849 599 1905 esse,
628 1834 712 1907 quod
737 1835 852 1894 exarsit
878 1836 957 1893 aeris
983 1834 1065 1894 vitio.

92 1934 172 1977 nunc
189 1918 318 1992 amplius
335 1916 450 1977 adicio:
473 1917 584 1976 morari
600 1932 636 1975 ac
652 1924 733 1976 stare
748 1919 830 1976 nullo
847 1918 938 1977 modo
953 1923 1065 1991 potest.

53 2014 57 2031 ³
91 2009 210 2061 namet
232 2004 282 2060 tax
303 2010 332 2060 et
354 2001 465 2060 fulmen
488 2008 517 2059 et
538 2002 624 2059 stella
646 2007 857 2061 transcurrens
878 2009 908 2060 et
925 2001 1065 2076 quisquis

91 2085 168 2144 alius
190 2094 236 2144 est
259 2085 336 2158 ignis
354 2099 392 2142 ex
407 2087 477 2143 aere
493 2099 678 2157 expressus,
702 2084 732 2143 in
748 2085 819 2159 luga
835 2093 882 2145 est
896 2100 996 2159 neque
1012 2084 1065 2144 ad-

91 2177 191 2242 paret,
211 2169 268 2227 nisi
285 2169 356 2227 dum
368 2167 463 2226 cadit:
487 2168 819 2229 cometeshabetsnam
831 2169 937 2228 sedem
949 2178 978 2228 et
995 2169 1065 2227 ideo

90 2267 151 2310 non
166 2252 224 2312 cito
243 2253 413 2327 expellitur,
438 2252 493 2311 sed
510 2252 649 2313 emetitur
664 2251 795 2326 spatium
811 2269 910 2312 suum.
940 2268 996 2311 nec
1012 2266 1064 2311 ex-

90 2334 259 2409 stinguitur,
283 2337 339 2396 sed
357 2335 487 2416 excedit.

152 2419 258 2477 XXlV.
287 2418 341 2491 „si
357 2417 498 2488 erratica,
522 2420 632 2493 inquit,
654 2419 739 2479 stella
755 2426 852 2490 esset,
875 2418 906 2476 in
921 2419 1093 2492 signiferol

88 2509 202 2561 esset.“
238 2502 310 2575 Quis
334 2518 423 2561 unum
446 2503 540 2562 stellis
563 2503 684 2562 limitem
707 2501 811 2577 ponit?
840 2501 910 2576 quis
926 2502 955 2559 in
971 2518 1065 2576 angu-

89 2592 170 2644 stum
183 2585 285 2645 divina
297 2586 463 2660 conpellit?
484 2601 594 2660 nempe
606 2587 682 2645 haec
692 2587 761 2660 ipsa
773 2585 889 2659 sidera,
907 2601 986 2660 quae
998 2586 1066 2647 sola

89 2670 205 2730 moveri
219 2670 357 2742 creditis,
374 2668 450 2728 alios
463 2676 492 2728 et
504 2671 580 2729 alios
594 2670 725 2730 circulos
737 2669 863 2729 habent:
886 2684 979 2743 quare
991 2684 1064 2742 ergo

89 2768 151 2811 non
173 2753 275 2827 aliqua
296 2753 370 2823 sint,
393 2768 472 2826 quae
493 2751 522 2809 in
548 2752 704 2827 proprium
719 2754 774 2811 iter
788 2759 818 2810 et
833 2751 869 2811 ab
887 2753 951 2811 istis
967 2766 1065 2812 remo-

88 2841 151 2894 tum
172 2837 377 2895 secesserint?
405 2835 477 2910 quid
501 2845 563 2909 est,
588 2851 683 2911 quare
703 2835 734 2893 in
756 2833 858 2910 aliqiia
880 2843 965 2910 parte
987 2832 1066 2895 coeli

88 2917 227 2993 pervium
250 2936 309 2979 non
327 2918 389 2978 sitr
424 2918 512 2991 Quod
527 2919 553 2978 si
569 2919 686 2978 iudicas
703 2936 763 2978 non
779 2919 1093 2994 posseuilamsre1-a

89 3003 163 3074 lam,
187 3001 246 3062 nisi
268 3003 444 3077 signiferum
472 3002 611 3076 adtingit,
642 3002 776 3061 vadere:
805 3011 940 3063 cometes
962 3009 1064 3078 potest

88 3085 134 3145 sic
150 3087 240 3145 latum
256 3085 368 3145 habere
385 3086 544 3157 circulum,
563 3093 595 3145 ut
609 3087 639 3144 in
653 3085 735 3146 hunc
748 3094 847 3146 tamen
865 3095 949 3161 parte
962 3087 1064 3162 aliqua

88 3170 136 3228 sui
158 3169 279 3228 ineidat.
311 3170 393 3242 quod
414 3169 478 3229 lieri
494 3185 554 3228 non
571 3176 619 3229 est
634 3170 856 3242 necessarium,
880 3171 936 3231 sed
951 3177 1062 3245 potest.

89 3252 159 3311 vide
180 3268 218 3311 ne
240 3251 299 3311 hoc
324 3253 420 3326 magis
444 3253 553 3312 deceat
575 3251 811 3326 magnitudinem
831 3254 949 3324 mundi,
980 3253 1062 3313 utin

88 3336 181 3395 multa
202 3334 309 3395 itinera
325 3335 443 3395 divisus
457 3339 496 3396 sit
511 3351 567 3394 nec
581 3335 659 3395 hano
675 3352 765 3395 unam
781 3337 897 3395 deterat
915 3337 1062 3410 semitam,

88 3419 197 3478 ceteris
213 3420 350 3493 partibus
371 3427 497 3494 torpeat.
531 3419 636 3478 Credis
654 3426 751 3477 autem
767 3418 797 3475 in
811 3417 871 3477 hoc
887 3419 1018 3479 maximo
1033 3425 1090 3480 eta
