2364 3840
283 187 424 249 NATUR.
439 189 600 262 QUAEST.
622 190 694 250 LlB.
707 191 758 250 lv.
776 196 878 254 1213.
1006 194 1069 259 255

89 339 291 401 cruditatibus
317 355 378 399 non
402 340 547 413 temporis
569 347 689 412 aestus,
715 341 772 399 sed
794 356 869 401 suos
891 341 996 416 sentit,
1016 345 1069 405 ubi

91 424 225 485 ebrietas
241 423 387 482 continua
397 422 568 482 visceribus
583 421 695 482 insedit
710 430 740 481 et
751 425 933 497 praecordia
948 425 1022 499 bile,
1036 427 1068 488 in

91 523 183 583 quam
200 507 340 579 vertitur,
364 513 468 578 torret,
491 505 604 580 aliquid
623 508 799 566 necessario
816 507 986 582 quaeritur,
1007 528 1068 583 quo

90 597 196 652 aestus
210 589 261 648 ille
275 589 445 664 frangatur,
468 589 520 664 qui
536 589 612 663 ipsis
629 591 717 663 aquis
733 590 904 666 incalescit,
924 592 1068 654 remediis

88 673 196 735 incitat
206 673 319 732 vitium.
335 673 437 748 itaque
449 689 510 732 non
521 680 635 732 tantum
647 681 777 747 aestate,
791 675 846 734 sed
858 676 959 735 media
969 676 1069 744 hieme

89 758 199 822 nivem,
216 755 275 815 hac
301 772 396 816 causa
416 756 532 815 bibunt.
563 756 645 830 Quae
671 758 760 817 huius
776 759 820 817 rei
840 773 934 819 causa
949 767 996 819 est
1011 760 1102 820 nisit

88 839 265 902 intestinum
288 842 399 899 malum
421 847 450 898 et
469 841 543 899 luxu
564 848 708 915 corrupta
727 842 923 916 praecordia,
957 843 1068 917 quibus

90 925 207 984 nullum
221 922 412 982 intervallum
434 939 593 997 umquam,
620 941 681 998 quo
702 925 990 1001 interquiescerent,
1016 927 1068 986 da·

89 1014 152 1067 tum
174 1013 237 1080 est,
263 1008 319 1066 sed
339 1007 468 1080 prandia
489 1007 594 1065 coenis
616 1009 767 1080 usquein
791 1012 889 1070 lucem
913 1010 1069 1085 perductis

89 1091 209 1165 ingesta
235 1098 306 1149 sunt
328 1096 359 1149 el
378 1091 527 1150 distentos
550 1090 640 1164 eopia
661 1092 842 1151 serculorum
866 1108 903 1151 ac
923 1095 1069 1154 varietate

89 1172 277 1234 comessatio
293 1175 381 1233 altius
397 1173 510 1233 mersit.
534 1173 645 1232 deinde
656 1189 821 1247 numquam
836 1175 1009 1234 intermissa
1024 1178 1067 1235 in-

88 1257 290 1332 temperantia
308 1258 455 1331 quicquid
470 1257 559 1315 avide
575 1263 713 1329 coxerat,
737 1257 877 1317 efferavit
898 1265 927 1316 et
940 1259 969 1316 in
987 1259 1066 1318 desi-

90 1340 209 1400 derium
236 1355 357 1414 semper
383 1341 453 1400 novi
477 1340 588 1414 rigoris
614 1341 762 1399 accendit.
794 1341 900 1414 ltaque
928 1343 1099 1415 quamvis?

90 1423 302 1484 coenationem
317 1424 395 1482 velis
409 1439 445 1482 ae
461 1423 672 1497 specularibus
693 1425 830 1483 muniant
844 1430 875 1483 et
887 1422 958 1498 igne
974 1425 1067 1483 multo

90 1506 217 1566 doment
240 1506 374 1577 hiemen,
403 1506 597 1565 nihilominus
621 1508 798 1567 stomachus
822 1508 872 1567 ille
899 1509 1017 1567 solutus
1039 1515 1070 1568 et

89 1596 179 1650 aestu
195 1605 253 1648 suo
271 1590 433 1663 languidus
450 1590 567 1663 quaerit
586 1591 716 1665 aliquid,
743 1609 804 1667 quo
826 1591 967 1665 erigatur.
998 1607 1068 1649 nam

87 1673 172 1735 sicut
185 1673 285 1733 auimo
300 1674 422 1732 relictos
438 1680 658 1748 stupentesque
671 1690 752 1748 aqua
764 1675 873 1750 lrigida
884 1676 1067 1750 spargimus,

88 1764 121 1816 ut
141 1756 322 1815 adsensum
343 1755 391 1815 sui
410 1756 550 1814 redeant:
571 1757 611 1815 ita
630 1755 751 1816 viscera
770 1759 897 1819 istorum
914 1759 992 1819 vitiis
1008 1767 1067 1820 tor-

90 1839 194 1914 pentia
207 1839 280 1897 nihil
297 1839 518 1913 sentiunt‚tnisi
534 1839 646 1913 frigore
661 1841 711 1898 illa
727 1840 946 1902 vehementiori
962 1858 1067 1914 perus·
1153 1845 1155 1849 ’

90 1922 179 1982 seris.
201 1922 276 1982 Inde
292 1931 353 1994 est,
370 1924 508 1998 inquam,
526 1923 608 1997 quod
621 1938 678 1998 nec
690 1925 760 1981 nive
772 1923 919 1998 [quidem]
935 1925 1100 1985 contentia

91 2013 176 2076 suut,
204 2006 261 2064 sed
284 2007 426 2080 glaciem,
454 2008 537 2065 velut
561 2007 671 2065 certior
692 2005 733 2065 illi
754 2021 792 2064 ex
808 2007 907 2066 solido
922 2008 1005 2080 rigor
1020 2007 1067 2080 sit,

92 2089 256 2164 exquirunt
277 2105 313 2148 ac
335 2105 431 2164 saepe
452 2089 588 2164 repetitis
611 2088 700 2164 aquis
723 2090 854 2150 diluunt:
880 2106 959 2164 quae
974 2106 1068 2150 none

92 2188 212 2233 summo
234 2173 360 2246 tollitur,
389 2174 446 2232 sed
466 2180 500 2232 ut
522 2172 580 2231 vim
596 2173 740 2233 maiorem
760 2172 870 2232 lrabeat
890 2181 920 2234 et
936 2176 1067 2249 pertina-

91 2255 157 2316 cius
173 2256 286 2330 lrigus‚
303 2271 342 2314 ex
357 2256 460 2316 abdito
477 2256 628 2316 effoditur.
666 2258 768 2331 itaque
784 2273 822 2316 ne
837 2274 929 2317 unum
946 2259 1068 2332 quidem

90 2347 138 2400 est
152 2340 296 2414 pretium,
324 2341 381 2399 sed
395 2339 488 2399 babet
503 2339 658 2400 institores
674 2355 756 2415 aqua
770 2348 801 2400 et
815 2357 983 2412 annonam,
1012 2357 1067 2416 pro

90 2423 207 2498 pudor,
230 2423 355 2482 variam.
389 2424 613 2497 Unguentarios
628 2424 862 2483 Lacedaemonii
883 2423 959 2482 urbe
972 2440 1055 2496 expu
1083 2430 1100 2484 9

90 2507 191 2566 lerunt
203 2514 233 2567 et
244 2523 376 2580 propere
388 2507 498 2566 cedere
509 2507 621 2566 linibus
633 2508 698 2566 suis
710 2508 871 2579 iusserunt,
885 2506 956 2579 quia
968 2507 1068 2564 oleum

90 2590 320 2664 disperderent:
354 2590 428 2664 quid
454 2589 510 2663 illi,
537 2591 563 2649 si
591 2591 741 2649 vidissent
764 2589 962 2662 reponendae
988 2588 1067 2646 nivis

91 2673 232 2733 officinas
255 2680 285 2733 et
309 2681 353 2734 tot
378 2675 510 2733 iumenta
537 2674 706 2747 portandae
733 2687 832 2745 aquae
853 2670 1066 2744 deservientIa,
1101 2732 1106 2743 ,

90 2757 179 2817 cuius
205 2757 340 2817 colorem
368 2773 575 2832 saporemque
601 2754 715 2831 paleis,
742 2753 853 2828 quibus
880 2754 1066 2829 custodiunt,

89 2839 273 2915 inquinant?
303 2842 357 2914 At,
381 2841 412 2899 di
434 2842 520 2913 boni,
544 2856 635 2915 quani
650 2838 738 2896 lacile
753 2844 801 2896 est
815 2839 1010 2913 exstinguere
1027 2839 1065 2898 si-

90 2925 142 2984 tirn
158 2929 280 2984 sanam!
303 2923 366 2983 Sed
382 2924 454 2999 quid
472 2924 585 2983 sentire
602 2929 732 2997 possunt
746 2929 902 2982 emortuae
917 2924 1023 2983 lauces
1038 2929 1067 2982 et
1077 2925 1108 2979 ltt

91 3008 258 3068 occallatae
273 3007 350 3067 cibis
367 3007 564 3068 ardentibus?
582 3006 842 3080 Quemadmodum
857 3005 930 3066 nihil
944 3008 1003 3066 illis
1020 3022 1067 3066 sa-

89 3089 128 3152 tls
144 3091 301 3166 frigidum,
324 3093 368 3152 sic
383 3092 456 3151 nihil
471 3091 545 3150 satis
562 3091 692 3150 calidum
708 3097 768 3164 est,
784 3092 841 3150 sed
856 3091 997 3151 ardentes
1012 3089 1067 3147 bo·

90 3175 169 3235 letos
192 3182 221 3233 et
240 3177 350 3249 raptim
366 3177 541 3235 indumento
557 3190 615 3234 suo
630 3182 780 3234 mersatos
796 3174 955 3234 demittunt
969 3187 1068 3248 paene

91 3260 264 3331 fumantes,
292 3275 370 3333 quos
397 3259 507 3319 deinde
531 3258 719 3331 restinguant
742 3257 853 3318 nivalis
879 3255 1066 3335 potionibus.

90 3342 235 3415 Videbis,
257 3343 397 3417 inquam,
418 3343 570 3417 quosdam
585 3343 714 3416 graciles
730 3349 760 3400 et
775 3342 898 3416 palliolo
913 3340 1067 3412 localique

91 3425 314 3502 circumdatos,
338 3428 486 3502 pallentes
507 3435 537 3486 et
558 3441 667 3500 aegros
683 3441 743 3485 non
760 3425 887 3484 sorbere
906 3423 1005 3482 solum
1021 3418 1065 3478 ni·
