2364 3840
126 204 190 270 214
417 207 449 264 L.
469 205 615 264 ANNAEI
637 204 814 266 SENECAE

123 356 249 417 muisse.
279 354 517 414 Innumerabiles
533 363 620 426 sunt,
637 355 689 429 qui
705 356 853 430 populos,
872 356 926 430 qui
941 354 1034 416 urbes
1048 354 1087 415 lm

83 442 253 508 11buerunt
267 437 297 497 in
314 445 484 512 potestate,
501 438 695 512 paucissimi,
713 437 825 512 quise.
853 437 932 511 Quid
947 445 996 498 est
1013 452 1099 512 prae·

125 525 268 599 eipuuml
289 521 405 596 erigere
421 522 553 581 animum
569 536 663 596 supra
684 522 781 580 minas
794 529 826 581 et
841 523 994 596 promissa
1008 522 1099 582 tortu·

125 622 197 681 nae,
214 606 286 665 nihil
298 606 422 679 dignum
435 605 514 664 illam
529 604 644 664 habere
659 613 780 679 putare,
792 605 876 679 quod
889 620 1015 680 speres:
1029 604 1101 678 quid

125 692 204 750 enim
220 690 313 749 habet
328 688 467 762 dignum,
484 688 567 762 quod
584 688 811 763 concupiscas?
825 688 878 761 qui
893 704 912 747 a
928 686 1099 749 divinorum

126 772 361 832 conversatione
383 771 525 846 quotiens
546 772 585 830 ad
608 770 740 831 humana
753 771 916 843 recidens,
939 787 1002 832 non
1017 772 1102 831 aliter

125 857 271 930 caligabis
287 871 378 929 quam
392 870 520 928 quorum
539 856 619 914 oculi
634 855 804 915 indensem
815 853 954 915 umbram
967 869 1008 914 ex
1019 853 1100 914 claro

84 941 190 999 lisele
211 939 375 997 redierunt.
399 937 476 1010 Quid
492 946 539 998 est
558 939 779 1012 praecipuum?
792 953 889 1013 posse
904 939 986 999 laeto
1001 938 1099 997 animo

127 1024 259 1081 adversa
283 1022 424 1080 tolerare.
464 1021 612 1096 quioquid
633 1021 793 1095 acciderit,
819 1022 864 1082 sic
890 1023 987 1095 ferre,
1014 1020 1101 1097 quasi

127 1103 260 1165 volueris
280 1105 332 1165 tibi
357 1105 507 1165 accidere.
535 1105 697 1167 debuisses
722 1106 801 1164 enirn
824 1105 918 1177 velle,
941 1105 969 1164 si
987 1104 1101 1165 scisses

62 1240 69 1256 .
126 1190 228 1248 omnia
249 1203 288 1247 ex
304 1188 426 1248 decreto
449 1189 497 1247 dei
517 1188 599 1248 lieri:
628 1187 717 1263 llere,
739 1187 841 1262 queri,
866 1203 990 1263 gemere
1005 1188 1102 1248 desci-

84 1281 212 1334 13seere
234 1279 290 1332 est.
320 1273 397 1346 Quid
418 1279 465 1332 est
481 1272 705 1347 praecipuumt
726 1272 844 1333 animus
861 1279 967 1332 eontra
982 1272 1102 1332 calami-

127 1365 204 1417 tales
221 1357 307 1417 fortis
329 1365 358 1416 et
379 1364 557 1429 contumax,
579 1355 717 1417 luxuriae
735 1372 796 1417 non
812 1355 963 1416 adversus
979 1363 1099 1425 tantuna

128 1442 184 1500 sed
200 1440 329 1500 inlestus
346 1455 402 1498 nec
417 1439 525 1498 avidas
542 1439 670 1513 periculi
686 1454 742 1498 nee
756 1440 864 1513 fugax,
880 1440 933 1514 qui
952 1439 1031 1499 sciat
1044 1440 1100 1498 ior·

127 1533 230 1585 tunam
247 1539 307 1583 non
326 1529 509 1596 exspectare
524 1523 579 1582 sed
592 1525 713 1594 lacere,
736 1528 766 1582 et
779 1523 932 1583 adversus
945 1529 1101 1599 utramque

128 1606 297 1681 intrepidus
313 1606 556 1680 inconfusosque
572 1606 710 1680 prodire,
733 1621 789 1665 nec
809 1605 889 1666 illius
904 1607 1035 1667 tumultu
1048 1619 1101 1665 nec

87 1692 217 1752 llhuius
233 1691 351 1763 fulgore
367 1705 545 1764 percussus.
568 1689 646 1762 Quid
667 1697 714 1749 est
729 1689 950 1765 praeeipunmr
972 1705 1034 1750 non
1053 1688 1101 1748 ad·

129 1774 245 1833 mittere
266 1774 295 1832 in
318 1773 418 1833 animo
435 1773 513 1832 mala
528 1771 669 1845 consilia,
697 1788 790 1848 puras
809 1773 848 1832 ad
862 1775 983 1835 eoelum
998 1787 1100 1833 manus

129 1859 290 1932 extollere,
311 1858 426 1917 nullum
442 1856 556 1916 bonum
573 1863 690 1931 petere,
715 1856 799 1931 quod
814 1856 900 1917 ulad
915 1865 945 1917 te
959 1861 1097 1927 tmnseat,

130 1941 239 2017 aliquis
261 1941 335 2001 dere
356 1941 460 2014 debet,
482 1939 593 2015 aliquis
614 1940 764 2014 amittere,
788 1947 908 2015 optare,
933 1940 1019 2015 quod
1040 1940 1102 1999 sine

130 2027 308 2085 adversario
325 2032 460 2100 optatur,
476 2024 588 2083 bonam
603 2029 749 2082 mentem:
772 2031 872 2083 cetera
884 2038 999 2098 magno
1016 2022 1101 2083 aesli-

131 2117 210 2168 mato
231 2109 424 2177 mortalibus,
450 2107 568 2166 etiamsi
595 2107 663 2182 quis
691 2107 814 2166 domum
841 2122 934 2167 cesus
957 2106 1101 2176 adtulerit,

89 2193 174 2250 15sie
191 2191 312 2260 intueri,
336 2190 425 2263 quasi
441 2189 573 2262 exitura,
591 2206 653 2262 qua
670 2199 826 2250 venerunt.
859 2189 938 2264 Quid
954 2198 1003 2251 est
1018 2204 1101 2264 prae·

131 2275 274 2346 cipuuml
295 2274 373 2331 allos
387 2287 482 2346 supra
497 2272 619 2332 fortuita
631 2273 755 2347 spiritus
766 2273 882 2347 tollere,
898 2273 1032 2333 hominis
1045 2288 1102 2332 me-

131 2356 266 2428 minisse,
278 2361 320 2426 ut,
333 2355 398 2414 sive
412 2353 483 2414 felix
495 2356 565 2428 eris,
580 2356 660 2415 scias
672 2356 731 2416 hoo
744 2373 805 2416 non
817 2357 950 2417 laturum
961 2357 1024 2431 diu,
1042 2357 1102 2416 sive

89 2447 101 2498 l
107 2440 249 2511 elefella,
262 2441 342 2498 scias
355 2446 384 2499 te
395 2438 454 2498 hoe
468 2455 526 2498 non
540 2454 627 2510 esse,
641 2439 667 2499 si
679 2456 740 2500 non
754 2447 853 2515 putes.
869 2440 948 2514 Quid
960 2448 1009 2501 est
1020 2454 1101 2516 prae

132 2525 275 2599 cipuuml
304 2521 333 2582 in
352 2522 457 2599 primis
473 2523 565 2582 labris
581 2524 712 2583 animam
726 2523 850 2584 habere.
876 2524 961 2584 Haec
974 2540 1028 2584 res
1043 2522 1103 2583 elil-

132 2608 172 2668 cit
192 2625 253 2668 non
268 2623 286 2666 e
300 2606 366 2667 iure
382 2607 538 2681 Quiritium
551 2606 695 2685 liberunt,
714 2606 771 2667 sed
787 2622 805 2666 e
819 2608 885 2667 iure
907 2615 1046 2668 naturae.
1073 2605 1103 2664 li-

131 2692 186 2750 ber
202 2698 301 2752 autem
317 2699 378 2764 est,
394 2691 446 2766 qui
464 2690 639 2750 servitutem
654 2706 741 2749 suam
755 2689 869 2766 effugit.
896 2691 975 2751 haec
993 2699 1042 2751 est
1054 2688 1101 2749 ad-

133 2776 223 2834 sidua
243 2780 273 2832 et
286 2773 487 2834 ineluctabilis
511 2781 540 2834 et
555 2789 611 2848 per
626 2774 705 2832 diem
720 2782 750 2833 et
767 2782 958 2849 pernoctem
973 2772 1103 2851 aequati-

90 2868 123 2924 17
132 2866 177 2917 ter
188 2872 343 2931 premens,
364 2859 430 2916 sine
445 2858 617 2931 intervallo,
635 2858 701 2917 sine
713 2864 891 2919 commeatu.
914 2856 981 2919 Sibi
991 2858 1104 2918 servire

133 2938 313 3016 gravissima
326 2947 374 2999 est
389 2941 533 3001 servitus:
557 2957 648 3016 quam
664 2942 817 3001 discutere
832 2942 921 3001 facile
938 2949 1000 3015 est,
1015 2942 1043 3001 si
1055 2940 1104 3000 de·

134 3022 222 3084 sieris
238 3021 332 3082 multe
347 3029 376 3081 te
391 3039 535 3097 poscere,
551 3026 577 3084 si
593 3023 722 3084 desieris
733 3025 785 3084 tibi
799 3024 914 3084 reterre
925 3026 1104 3095 mercedem,

135 3109 160 3167 si
176 3114 245 3166 ante
258 3106 366 3166 oculos
382 3114 411 3165 et
428 3115 564 3167 naturam
579 3115 660 3167 tuem
676 3114 706 3166 et
720 3115 849 3167 aetatem
865 3109 1024 3184 posueris,
1040 3107 1104 3166 licet

135 3190 234 3266 prima
254 3190 306 3260 sit,
328 3205 363 3248 aa
388 3190 439 3249 libi
462 3191 529 3263 ipse
553 3191 684 3252 dixeris=
710 3191 784 3264 quid
801 3191 944 3252 insanio?
967 3191 1039 3267 quid
1055 3205 1105 3248 au·

134 3274 225 3333 heio?
248 3272 321 3348 quid
343 3274 443 3333 sudo?
465 3272 539 3344 quid
561 3281 687 3349 terram,
710 3275 785 3348 quid
801 3275 901 3335 iorum
914 3281 1031 3335 versat
1049 3287 1104 3332 nec

93 3359 226 3418 lemulto
241 3374 320 3432 opus
338 3364 455 3417 estnec
471 3355 532 3414 diu.
554 3356 604 3415 Ad
622 3357 680 3419 hoc
696 3357 786 3418 nobis
801 3357 940 3434 proderit
953 3356 1103 3432 inspicere

136 3458 236 3502 rerum
258 3448 412 3500 naturam:
440 3438 535 3514 primo
558 3439 753 3501 discedemus
776 3458 794 3501 a
814 3441 959 3503 sordidis.
995 3437 1102 3501 deinde
