2364 3840
257 95 308 154 DE
324 95 537 155 BENEFICHS
556 97 630 155 LlB.
643 96 692 155 ΙΙΙ.
715 103 846 162 14—17.
998 96 1041 161 45

66 244 223 320 magnifici
237 246 358 319 iuvare,
379 247 545 321 prodesse:
570 247 622 321 qui
643 246 694 307 dat
714 248 865 308 beneficia
883 248 959 309 deos
974 248 1040 310 imi·

64 336 161 402 tatur,
186 330 237 404 qui
252 330 374 403 repetit,
397 331 594 390 feneratores.
625 329 704 402 Quid
717 331 802 404 illos,
819 331 890 390 dum
904 333 1040 394 vindica·

64 430 151 487 muS,
172 413 202 471 in
217 413 336 472 turbam
351 413 594 473 sordidissimam
607 414 796 487 redigimus?

129 497 208 555 XVI.
232 496 374 569 ,‚Plures‚
396 497 507 571 inquit,
537 496 647 572 ingrati
662 507 763 571 erunt,
787 497 814 558 si
828 499 911 557 nulla
931 500 1072 566 adver-1

64 599 121 642 sus
137 579 287 655 ingratum
303 581 392 641 datur
406 581 516 641 actio.“
547 583 640 641 Immo
656 583 759 655 potius
777 582 956 656 pauciores,
970 583 1042 658 quia

64 666 182 724 maiore
203 664 323 723 delectu
345 663 495 724 dabuntur
515 665 674 725 beneficia.
703 665 821 725 Deinde
838 682 900 725 non
916 666 1042 740 expedit

63 757 171 809 notum
196 748 336 808 omnibus
357 747 423 807 fieri
445 764 535 822 quam
556 750 639 809 multi
658 747 768 822 ingrati
789 747 862 809 sint:
891 751 1041 823 pudorem

64 834 146 892 enim
160 831 204 889 rei
220 832 304 890 tollet
318 831 477 893 multitudo
494 833 684 906 peccantium
700 840 730 892 et
744 833 864 892 desinet
881 849 953 893 esse
968 849 1039 907 pro·

65 916 115 976 bri
129 918 199 974 loco
216 930 375 974 commune
389 916 592 976 maledictum.
620 916 773 992 Numquid
795 916 854 974 iam
873 917 934 975 ulla
947 931 1070 990 rapu-2

65 1000 117 1058 dio
134 997 294 1069 erubescit,
314 1007 476 1074 postquam
492 1000 635 1059 inlustres
648 1001 798 1080 quaedam
810 1015 845 1058 ac
860 1000 978 1058 nobiles
994 1002 1037 1058 se-

65 1083 166 1140 minae
179 1096 240 1139 non
256 1083 414 1142 consulum
429 1100 570 1154 numero,
588 1083 645 1142 sed
660 1083 834 1142 maritorum
851 1099 947 1141 annos
962 1099 1037 1143 suos

65 1171 235 1239 conputant
248 1173 278 1224 et
299 1174 412 1226 exeunt
431 1166 612 1227 matrimonii
628 1182 737 1239 causa,
762 1166 878 1225 nubunt
897 1165 1039 1240 repudii?

64 1250 192 1308 Tamdiu
206 1248 284 1309 istuc
298 1250 459 1311 timebatur
481 1251 627 1326 quamdiu
646 1266 745 1309 rarum
769 1257 847 1308 erat:
872 1249 1037 1322 quievero

65 1334 147 1391 nulia
162 1331 229 1392 sine
247 1332 376 1393 divortio
396 1341 464 1394 acta
481 1342 565 1407 sunt,
590 1334 675 1408 quod
689 1349 785 1407 saepe
798 1333 977 1404 audiebant,
994 1333 1037 1389 sa-

66 1432 136 1475 cere
152 1416 332 1475 didicerunt.
366 1417 520 1491 Numquid
534 1420 594 1477 iam
608 1419 688 1477 ultus
710 1417 850 1476 adulterii
865 1417 965 1490 pudor
983 1421 1039 1490 est,
1053 1429 1071 1483 3

64 1507 231 1576 postquam
247 1515 284 1558 eo
299 1508 423 1560 ventum
440 1508 501 1573 est,
519 1502 649 1561 utnulla
670 1500 767 1561 virum
784 1500 910 1572 habeat,
934 1499 992 1559 nisi
1006 1507 1040 1559 ut

65 1583 237 1642 adulterum
254 1582 374 1641 inritet?
392 1591 599 1656 argumentum
612 1590 660 1643 est
671 1583 870 1644 deformitatis
883 1583 1038 1658 pudicitia.

66 1665 163 1738 Quam
178 1665 315 1723 invenies
330 1671 390 1721 tam
406 1667 560 1737 miseram,
583 1676 643 1726 tam
660 1667 831 1739 sordidam,
853 1674 885 1725 ut
905 1668 946 1727 itti
965 1667 1039 1727 satis

66 1750 106 1809 sit
120 1764 213 1807 unum
227 1747 431 1807 adulterorum
446 1765 516 1822 par,
536 1748 595 1808 nisi
612 1749 740 1822 singulis
758 1750 862 1808 divisit
875 1749 990 1810 horast
1011 1759 1041 1809 et

65 1849 128 1893 non
146 1830 260 1890 sufficit
282 1830 348 1890 dies
371 1831 525 1904 omnibus,
549 1833 607 1890 nisi
630 1832 714 1905 apud
735 1832 826 1891 alium
845 1839 963 1904 gestata
983 1840 1038 1905 est,

65 1915 148 1992 apud
163 1916 255 1975 alium
268 1914 388 1975 mansit.
417 1912 559 1975 infrunita
574 1922 604 1974 et
618 1915 744 1988 antiqua
756 1921 816 1985 est,
833 1930 912 1990 quae
924 1917 1042 1974 nesciat

63 2000 287 2060 matrimonium
311 1999 415 2059 vocari
434 2015 527 2058 unum
551 1998 739 2058 adulterium.
780 1998 1072 2071 Quemadmodumt

10 2088 16 2168 J
64 2084 175 2144 horum
191 2083 368 2142 delictorum
388 2084 445 2142 iam
462 2082 584 2144 evanuit
604 2083 722 2157 pudor,
746 2090 909 2158 postquam
930 2099 981 2142 res
998 2084 1038 2141 la-

62 2169 123 2228 tius
140 2173 269 2241 evagata
283 2173 345 2238 est,
369 2168 410 2227 ita
424 2167 558 2241 ingratos
573 2168 678 2242 plures
693 2166 811 2227 efficies
827 2173 856 2226 et
875 2167 1037 2242 avidiores,

63 2252 91 2311 si
107 2266 267 2310 numerare
281 2265 315 2308 se
330 2251 494 2324 coeperint.

127 2333 220 2391 XVII.
250 2332 346 2406 „Quid
373 2341 467 2407 ergo?
497 2335 653 2408 inpunitus
679 2334 734 2392 erit
757 2334 934 2406 ingratust“
964 2334 1070 2406 Quidl

62 2432 155 2490 ergo,
177 2416 333 2490 inpunitus
354 2416 409 2476 erit
423 2417 547 2492 inpius?
577 2415 651 2491 quid
673 2417 845 2489 malignus?
874 2416 945 2490 quid
968 2432 1038 2474 ava-

61 2507 139 2560 rus?
168 2499 242 2573 quid
256 2500 420 2573 inpotens?
450 2501 523 2575 quid
539 2499 694 2560 crudelisa
720 2499 861 2572 lnpunita
880 2506 913 2556 tu
936 2498 1038 2557 credis

61 2600 145 2656 esse,
163 2600 241 2657 quae
254 2583 352 2642 invisa
364 2592 455 2644 sunt?
470 2592 521 2643 aut
535 2586 628 2644 ullum
642 2581 826 2657 supplicium
838 2582 963 2654 gravius
976 2582 1039 2640 exi-

60 2667 169 2728 stimas
187 2666 309 2741 publico
326 2668 419 2727 odio?
439 2668 543 2728 Poena
557 2676 621 2739 est,
639 2666 723 2739 quod
739 2680 800 2724 non
817 2665 908 2726 audet
923 2664 961 2723 ab
976 2667 1037 2726 ullo
1054 2677 1070 2730 2

60 2751 245 2809 beneficium
260 2751 416 2824 accipere,
434 2751 518 2825 quod
533 2768 594 2810 non
610 2751 702 2809 audet
717 2747 862 2823 nitidare,
880 2750 963 2824 quod
975 2767 1038 2811 om-

60 2835 146 2894 nium
160 2833 337 2906 designatur
352 2836 449 2894 oculis
465 2843 515 2894 aut
531 2833 683 2908 designari
700 2849 734 2892 se
748 2833 877 2908 iudicet,
894 2835 979 2909 quod
993 2835 1039 2892 in-

59 2919 215 2978 tellectum
232 2916 364 2989 optimae
381 2919 424 2977 rei
439 2934 475 2977 ac
491 2917 687 2978 dulcissimae
703 2915 811 2976 amisit.
842 2919 890 2978 An
913 2927 944 2978 tu
961 2916 1008 2976 inf
1026 2949 1037 2960 ·

59 3003 149 3060 licem
166 3015 275 3072 vocas,
301 3001 352 3074 qui
369 3009 452 3062 caret
467 3003 533 3061 acic
552 3003 723 3074 oculorum,
748 3002 834 3061 cuius
851 3019 941 3062 aures
957 3017 1037 3060 mor-

60 3085 121 3143 bus
138 3083 303 3156 obstruxit,
325 3101 386 3143 non
400 3102 497 3145 vocas
512 3086 655 3145 miserum
671 3102 756 3158 eum,
780 3086 832 3160 qui
848 3102 972 3146 sensum
984 3085 1035 3145 be-

60 3168 241 3227 neficiorum
259 3167 378 3226 amisit?
405 3168 511 3228 Testes
526 3167 710 3243 ingratorum
730 3169 862 3228 omnium
882 3170 960 3231 deos
974 3174 1068 3230 mett

59 3252 132 3322 tuit,
152 3252 211 3310 urit
231 3251 314 3310 illum
340 3259 370 3310 et
387 3253 470 3325 angit
490 3250 648 3328 intercepti
668 3252 810 3312 beneficii
832 3252 1036 3313 conscientia:

60 3335 198 3408 denique
214 3334 288 3394 satis
304 3332 381 3395 haec
396 3333 464 3410 ipsa
485 3352 588 3410 poena
609 3352 721 3410 magna
743 3343 805 3410 est,
824 3337 907 3411 quod
927 3333 987 3408 rei,
1004 3339 1039 3395 ut

130 3644 159 3687 ,ὁ
