2364 3840
378 429 413 509 lt
439 428 579 510 mlta!
606 426 778 511 statuta

445 579 497 629 ΑΙ)
524 579 710 631 luciterum

88 699 533 798 nartantttttt
577 696 1065 803 ttnasrtotttltt

466 865 601 926 LIBER
628 866 691 927 vll.

506 1022 647 1032 --—--—--

151 1141 173 1198 Ι.
202 1140 296 1198 Nemo
319 1155 421 1213 usque
443 1140 519 1200 adeo
541 1140 646 1199 tardus
663 1146 692 1198 et
709 1135 804 1195 hebes
822 1142 851 1195 et
868 1134 1021 1198 demissus
1037 1137 1091 1199 lnl

87 1232 200 1284 terram
215 1230 277 1294 est,
300 1231 333 1282 ut
348 1222 387 1282 ad
403 1223 505 1282 divina
520 1240 580 1283 non
597 1222 730 1296 erigatur
744 1235 780 1278 ac
799 1225 861 1279 tota
876 1226 976 1279 mente
993 1235 1064 1282 con·

89 1314 210 1381 surgat,
231 1306 337 1381 utique
352 1306 404 1367 ubi
419 1323 532 1366 novum
548 1323 565 1366 e
581 1307 667 1366 coelo
680 1302 804 1379 aliquod
819 1301 995 1363 miraculum
1010 1303 1063 1364 iul·

90 1391 137 1450 sit.
160 1406 230 1449 nam
246 1391 390 1466 quamdiu
406 1390 496 1450 solita
511 1392 689 1462 decurrunt,
711 1385 947 1461 magnitudinem
965 1401 1064 1448 rerunt

90 1474 282 1533 consuetudo
304 1474 456 1549 subducit.
484 1475 525 1534 ita
546 1476 625 1536 enim
646 1469 798 1547 conpositi
817 1484 937 1540 sumus,
961 1477 994 1530 ut
1008 1486 1064 1532 nos

90 1559 252 1629 cotidiana,
267 1558 384 1615 etiamsi
397 1558 595 1620 admiratione
608 1558 700 1633 dignu
712 1561 790 1626 sunt,
806 1560 976 1614 transeant·
992 1569 1065 1614 con·

89 1650 136 1702 tra
162 1640 352 1699 minimarum
380 1656 503 1714 quoque
523 1658 640 1715 rerum,
669 1641 695 1700 si
716 1638 856 1699 insolitae
878 1635 1064 1713 prodierunt,

90 1725 299 1800 spectaculum
316 1723 405 1782 dulce
420 1723 481 1784 fiat.
517 1725 573 1784 Hic
586 1727 686 1799 itaque
697 1728 804 1782 coetus
818 1729 984 1794 astrorum,
1001 1722 1093 1797 qul-i

89 1810 147 1869 bus
169 1807 299 1866 inmensi
314 1807 454 1879 corporis
478 1808 669 1881 pulchritudo
689 1805 891 1878 distinguitur,
920 1805 1064 1879 populum

89 1907 150 1952 non
164 1895 329 1949 convocat=
348 1894 379 1946 at
389 1902 456 1947 cum
468 1891 582 1966 aliquid
595 1907 633 1951 ex
645 1904 729 1950 more
741 1896 885 1948 mutatum
898 1896 953 1958 ost,
970 1888 1063 1949 omnl-

90 1991 141 2036 um
157 1972 187 2032 in
203 1972 290 2030 coelo
307 1972 407 2031 voltus
424 1979 479 2031 est.
514 1972 567 2034 Sol
584 1980 787 2050 spectatorem
802 1971 860 2030 nisi
876 1969 987 2032 dalccit
1005 1986 1064 2033 non

89 2057 190 2117 habet.
213 2069 306 2114 nemo.
316 2053 459 2114 observat
472 2057 573 2116 lunam
589 2059 647 2117 nisi
663 2054 864 2115 laborantum:
888 2060 959 2115 tunc
973 2054 1065 2116 urbes

90 2141 297 2210 conclamant,
319 2145 391 2198 tunc
411 2153 467 2212 pro
483 2155 518 2199 se
534 2141 666 2216 quisque
681 2137 898 2215 superstitione
915 2153 991 2198 runa
1007 2144 1065 2198 tro·

90 2223 185 2299 pidat.
222 2220 339 2294 Quanto
355 2221 405 2281 illa
419 2222 535 2283 maiora
550 2231 635 2295 sunt,
659 2223 742 2298 quod
758 2224 804 2283 sol
822 2221 961 2295 totidem,
981 2229 1012 2283 ut
1027 2219 1097 2283 itui

90 2307 206 2376 dicam,
233 2304 347 2378 gradus
371 2313 445 2379 quot
464 2306 531 2367 dies
553 2307 694 2379 habetet
718 2321 830 2367 annum
857 2304 983 2366 circuitu
1008 2322 1065 2368 tuo

90 2390 213 2458 claudit,
231 2389 314 2462 quod
326 2404 344 2446 a
355 2388 485 2449 solstitio
498 2390 548 2462 [ad
560 2390 741 2449 minuendos
752 2388 819 2447 dies
833 2386 965 2460 vertitur,
982 2388 1066 2462 <puori

90 2471 267 2543 asolstitio]
283 2478 392 2533 statum
411 2470 533 2531 inclinat
547 2480 577 2532 et
591 2474 643 2533 dat
657 2468 799 2531 noctibus
815 2468 962 2544 attollunt,
982 2469 1065 2544 qtrod

90 2556 195 2615 sidera
215 2555 389 2624 abscondit,
414 2556 496 2629 quod
520 2563 632 2626 terras,
653 2568 720 2613 cum
736 2558 818 2612 tanto
833 2551 929 2612 rnaior
944 2550 984 2612 trit
998 2551 1065 2626 ttltt,

91 2656 153 2699 non
177 2639 251 2709 urit,
277 2638 332 2696 sed
354 2639 487 2698 calorem
507 2654 594 2699 suum
616 2635 837 2696 intentionibus
859 2650 895 2695 uc
911 2632 1065 2697 rcrrtimlu-

90 2723 182 2781 nibus
203 2721 401 2794 temperando
423 2722 520 2794 luvet,
548 2720 630 2796 quod
655 2720 755 2779 lunam
781 2732 945 2793 numquam
973 2717 1067 2795 lrrttlcl

90 2805 152 2865 nisi
167 2804 330 2863 adversam
344 2802 402 2863 sibi
418 2819 519 2879 neque
533 2803 700 2863 obscurati
731 2800 814 2862 ilaec
830 2807 927 2861 urrrcn
940 2817 999 2864 null
1013 2801 1096 2867 tad-l

91 2896 249 2958 notamus,
272 2887 417 2960 quamdiu
438 2887 515 2948 ordo
536 2892 685 2947 servatur.
714 2883 742 2945 si
758 2883 832 2960 ‹tnttt
851 2882 904 2945 turi
956 2900 1002 2946 unt
1020 2892 1068 2948 ont

91 2987 128 3030 ac
150 2977 271 3045 praeter
291 2969 544 3030 consuetudinem
564 2967 699 3039 emicuit,
722 2974 860 3040 enectam
940 2976 1065 3031 interro·

90 3068 216 3129 gamus,
237 3053 442 3112 ostendimuss
463 3053 540 3115 adeo
767 3066 792 3113 m
879 3067 961 3114 nora
975 3066 1067 3127 noum

91 3151 203 3210 magna
221 3132 334 3193 mnan.
370 3135 454 3196 idern
473 3135 504 3197 in
525 3149 560 3199 aa
888 3141 915 3197 et
927 3131 1097 3200 intulliset

91 3220 209 3294 figurae
228 3217 307 3291 ignis
327 3217 483 3294 adparuit,
944 3230 988 3280 rut

90 3303 206 3365 oblitus
220 3300 348 3360 etr-“a
369 3300 398 3320 ’·
420 3316 432 3361 r

89 3381 256 3448 bectorita
