2364 3840
270 175 321 236 lm
342 174 555 235 BENEFICIIS
577 175 649 240 LlB.
662 177 728 236 VII.
749 185 882 241 27—31.
1005 177 1067 242 153

88 346 152 393 sec.
187 329 346 391 Meliorem
367 328 451 388 illum
466 328 560 387 iacies
578 328 719 401 terendo,
741 329 847 403 utique
863 327 997 404 peiorem
1013 347 1066 391 ex-

87 413 279 490 probrando.
306 428 369 472 non
385 418 435 472 εει
449 412 534 486 quod
549 412 677 472 frontem
692 412 758 472 eius
773 412 913 472 indures=
936 415 1018 487 sine,
1040 415 1068 476 si
1083 485 1088 493 ¹

88 497 165 574 quid
180 505 230 559 est
240 495 367 572 pudoris
378 493 510 569 residui,
525 502 635 555 servet.
672 494 772 571 Saepe
786 495 908 556 dubiam
921 512 1068 557 verecun-

88 581 172 642 diam
191 595 256 640 vox
279 577 478 640 conviciantis
501 577 611 638 clarior
625 579 714 653 rupit
743 594 832 639 nemo
847 580 879 640 id
895 595 967 640 esse
983 581 1069 655 quod

89 665 150 724 iam
164 663 286 723 videtur
301 663 394 722 timet.
415 662 570 736 deprenso
588 662 689 736 pudor
703 661 854 723 emittitur.

152 745 258 807 mint
279 744 402 806 Perdidi
417 745 609 806 beneficium.
644 744 800 820 Numquid
812 761 891 821 quae
906 751 1095 808 consecra-l

89 831 206 903 vimus,
228 828 402 904 perdidisse
424 845 482 889 nos
505 828 655 888 dicimus?
681 830 758 888 inter
779 837 958 890 consecrata
975 831 1068 891 bene·

88 912 194 975 ficium
208 919 270 987 εει,
294 910 412 972 etiamsi
425 913 504 971 male
518 913 692 987 respoudit,
712 912 791 972 bene
808 915 969 975 conlatum.
1001 916 1069 976 Non

89 1003 139 1056 cst
159 994 224 1069 ille,
247 997 368 1070 qualem
386 995 593 1070 speravimus:
616 996 711 1055 simus
727 1012 800 1070 nos,
820 999 926 1071 quales
945 997 1068 1073 suimus,

89 1080 119 1141 ai
130 1077 306 1139 dissimiles.
331 1079 473 1138 damnum
486 1076 775 1139 nonnuncfactumz
797 1081 947 1154 adparuit.
969 1083 1068 1156 ingra-

89 1171 141 1224 tus
156 1179 219 1223 non
234 1163 301 1222 sine
316 1169 422 1222 nestro
439 1162 557 1237 pudore
572 1161 764 1236 protrahitur,
786 1164 929 1236 quoniam
946 1165 1068 1238 quidem

91 1247 219 1322 querela
234 1246 339 1305 amissi
355 1246 494 1305 beneficii
509 1262 570 1306 non
587 1245 663 1304 bene
675 1246 737 1305 dati
749 1244 868 1319 signum
881 1253 937 1306 est.
968 1248 1097 1320 Quam-2

90 1337 153 1390 tum
170 1345 353 1404 possumuS,
376 1345 501 1388 causam
516 1330 582 1389 eius
598 1330 681 1403 apud
697 1345 754 1388 nos
771 1344 913 1402 agamus:
936 1330 1069 1390 fortasse

90 1430 152 1474 non
165 1411 272 1488 potuit,
285 1413 417 1472 fortasse
429 1412 588 1486 ignoravit,
602 1414 733 1472 tortasse
745 1413 879 1472 tacturus
892 1420 948 1473 εει.
971 1412 1068 1486 Quae-

91 1496 162 1556 dam
184 1496 307 1555 nomina
326 1496 409 1554 bona
428 1497 527 1555 lentus
548 1512 583 1555 ac
605 1497 729 1570 sapiens
753 1495 885 1556 creditor
905 1497 991 1570 iecit,
1017 1496 1068 1571 qui

90 1580 238 1641 sustinuit
256 1594 292 1638 ac
312 1595 398 1640 mora
415 1578 499 1639 fovit.
535 1579 618 1638 ldem
633 1580 722 1640 nobis
740 1581 912 1641 iaciendum
929 1587 991 1640 est:
1014 1597 1068 1640 nu·

90 1664 218 1725 triamus
234 1662 325 1722 fidem
342 1663 525 1736 languidam.

155 1746 248 1807 ΧΧΧ.
277 1745 398 1806 Perdidi
419 1745 611 1806 beneficium.
653 1745 763 1816 Stulte,
793 1763 853 1807 non
876 1748 956 1808 nesti
977 1746 1097 1808 deiri-l

91 1831 186 1891 menti
201 1830 242 1888 tui
259 1835 412 1905 tempora:
434 1830 609 1904 perdidisti,
632 1829 689 1887 sed
704 1845 772 1888 cum
788 1831 888 1888 dares.
917 1846 996 1890 nunc
1014 1848 1068 1904 pa-

91 1917 152 1973 iam
174 1914 286 1972 factum
307 1920 362 1973 εει
397 1912 494 1972 Etiam
511 1912 541 1972 in
557 1912 617 1982 his,
641 1926 721 1986 quae
737 1911 878 1971 videntur
892 1913 921 1970 in
939 1913 1068 1987 perdito,

90 1996 261 2059 moderatio
284 1997 443 2070 plurimum
468 1995 594 2071 prefuit:
617 2003 650 2054 ut
664 2010 828 2068 corporum
842 1995 883 2054 ita
899 1995 1068 2055 animorum

89 2080 222 2140 molliter
236 2079 309 2139 vitia
324 2080 480 2139 tractanda
495 2084 575 2139 sunt.
597 2093 693 2152 saepe
709 2078 791 2152 quod
807 2077 954 2151 explicari
964 2082 1068 2153 potuit,

90 2162 261 2239 pertinacia
279 2162 427 2223 trahentis
449 2163 610 2237 abruptum
632 2169 687 2221 est.
724 2161 802 2235 Quid
819 2178 899 2236 opus
915 2169 962 2221 est
976 2162 1067 2221 male-

91 2245 205 2307 dictis?
228 2245 301 2318 quid
318 2246 472 2321 querelis?
495 2247 568 2322 quid
583 2245 804 2305 insectatione?
826 2261 920 2321 quare
935 2246 1018 2305 illum
1033 2247 1069 2327 1¹5

92 2328 205 2389 baras?
234 2345 329 2403 quare
346 2329 490 2389 dimittist
517 2331 543 2390 si
564 2331 699 2404 ingratus
720 2338 782 2402 est,
804 2328 863 2389 iam
879 2328 951 2388 nihil
968 2330 1068 2389 debet.

92 2411 177 2486 Quae
196 2413 273 2472 ratio
295 2420 342 2472 est
363 2413 549 2473 exacerbare
569 2429 652 2484 eum,
677 2414 705 2472 in
729 2429 818 2488 quem
837 2429 947 2487 magna
963 2417 1101 2473 contu-2

90 2493 181 2568 teris,
208 2502 242 2557 ut
262 2511 301 2554 ex
318 2496 416 2555 amico
434 2495 526 2556 dubio
542 2497 595 2556 flat
609 2512 669 2556 non
687 2495 799 2557 dubius
815 2497 953 2557 inimicus
970 2503 999 2556 et
1012 2512 1067 2571 pa-

91 2576 254 2640 trocinium
275 2578 333 2638 sibi
354 2585 458 2638 nostra
474 2580 597 2638 infamia
612 2586 737 2653 quaerat
751 2595 808 2638 nec
824 2579 924 2639 desit?
955 2580 1068 2639 Nescio

92 2661 167 2736 quid
183 2668 245 2735 est,
270 2662 353 2735 quod
369 2677 453 2735 eum,
469 2664 518 2722 cui
533 2670 646 2723 tantum
658 2662 776 2735 debuit,
792 2663 872 2721 terre
883 2679 944 2722 non
956 2664 1067 2737 potuit:

91 2745 200 2805 subest
211 2743 342 2818 aliquid:
357 2761 446 2806 nemo
459 2763 519 2806 non
533 2745 699 2819 superioris
713 2744 887 2819 dignitatem
901 2746 1068 2818 querendo,

91 2827 211 2887 etiamsi
228 2843 290 2887 non
307 2828 491 2902 inquinavit,
513 2829 674 2903 adspersit.
701 2844 758 2887 nec
775 2828 937 2903 quisquam
952 2828 1068 2902 fingere

92 2918 254 2971 contentus
279 2918 327 2971 cst
351 2912 448 2985 levia,
475 2929 543 2972 eum
567 2911 774 2986 magnitudine
801 2911 952 2971 mendacii
976 2912 1068 2971 fidem

91 3000 228 3069 quaerat.
346 3049 350 3056 .

152 3076 258 3138 XXXI.
287 3076 404 3151 Quanto
424 3078 475 3137 illa
494 3077 600 3138 melior
622 3078 685 3150 via,
710 3095 771 3151 qua
786 3087 925 3139 servatur
940 3077 981 3135 illi
997 3087 1099 3150 spe-l

91 3161 156 3222 cies
172 3160 321 3222 amicitiae
336 3168 379 3231 et,
405 3162 431 3221 si
445 3163 555 3221 reverti
571 3161 610 3220 ad
623 3161 781 3222 sanitatem
792 3162 878 3234 velit,
894 3162 982 3221 etiam
995 3159 1068 3218 ami-

91 3246 176 3305 citiat
205 3243 308 3304 Vincit
327 3246 425 3304 maios
448 3244 587 3319 pertinax
608 3243 728 3304 bonitas
750 3261 807 3303 nec
823 3247 986 3320 quisquam
1007 3249 1069 3300 tam

90 3327 159 3388 duri
181 3327 346 3402 infestique
366 3327 517 3387 adversus
533 3327 687 3401 diligenda
700 3328 791 3386 animi
806 3335 866 3401 εει,
888 3334 920 3386 ut
933 3325 1023 3402 etiam
1037 3327 1068 3382 in

89 3410 231 3469 iniuriam
251 3409 351 3470 bonos
368 3427 429 3470 non
444 3417 537 3481 amet,
559 3410 670 3484 quibus
686 3410 745 3470 hoc
761 3425 885 3484 quoque
900 3407 1001 3480 coepit
1015 3407 1067 3463 de-

89 3493 179 3568 bere,
196 3493 279 3568 quod
294 3494 408 3568 inpune
422 3509 483 3553 non
495 3493 594 3552 solvit.
628 3494 677 3553 Ad
691 3495 741 3551 itta
752 3495 855 3566 itaque
868 3489 1068 3564 cogitationes
1083 3497 1101 3548 a
