2364 3840
246 230 298 290 DE
318 229 531 289 BENEFICIIS
553 228 625 289 LIB.
638 229 689 288 ΙΙΙ.
713 237 847 292 36-38.
992 229 1035 294 59

59 383 145 443 didit.
175 382 253 440 Nulli
277 382 327 440 alii
347 381 431 440 licuit
456 379 571 455 Inpune
595 380 746 439 tribunum
772 379 802 438 ln
829 379 966 440 ordinem
986 397 1033 442 re-

59 467 174 539 digere.

120 549 281 608 XXXVIII.
306 548 375 607 Alia
391 564 430 607 ex
444 548 512 607 aliis
528 548 669 621 exempla
683 553 755 606 sunt
771 563 892 622 eorum,
913 550 965 623 qui
979 554 1062 624 pal

57 640 160 693 rentes
177 649 251 691 suos
267 633 412 706 periculis
424 633 615 707 eripuerunt,
632 630 684 706 qui
696 647 735 690 ex
746 631 850 691 infimo
863 634 902 692 ad
914 649 1033 694 summa

57 718 249 793 protulerunt
271 723 301 774 et
320 731 337 774 e
359 717 449 790 plebe
470 732 645 790 acervoque
666 715 792 790 ignobili
807 734 973 792 numquam
988 724 1034 778 ta-

58 802 175 861 cendos
189 802 301 860 seculis
314 799 473 860 dederunt.
497 801 584 860 Nulla
595 801 625 858 vi
637 800 810 873 verbornm
827 802 908 861 nulla
920 802 1063 876 ingemit

57 885 200 944 facultate
216 882 344 958 exprimi
358 892 475 959 potest,
493 893 639 959 quantum
654 901 733 960 opus
749 886 801 956 sit,
821 901 911 959 quam
927 887 1033 946 lauda-

57 969 118 1027 bile
140 984 293 1043 quamque
315 984 480 1043 numquam
501 986 519 1028 a
539 970 685 1028 memoria
701 969 855 1029 hominum
872 972 1032 1043 exiturum,

57 1068 155 1126 posse
166 1052 225 1133 hoc
239 1053 355 1110 dicere:
379 1054 576 1128 „parentibus
589 1052 665 1111 meis
678 1053 774 1126 parui,
790 1054 881 1111 cessi.
905 1054 1032 1128 Imperio
1056 1061 1058 1065 ’

10 1170 13 1194 ;
58 1151 179 1209 eorum,
203 1138 268 1195 sive
291 1151 423 1210 aequum
439 1140 504 1197 sive
520 1137 657 1212 iniquum
673 1153 708 1195 ac
724 1136 834 1195 durum
849 1135 918 1210 luit,
943 1140 1033 1196 obse-

59 1227 201 1296 quentem
225 1219 473 1295 submissumque
494 1237 542 1279 me
557 1220 694 1296 praebui.
723 1220 762 1278 ad
778 1220 836 1278 hoc
850 1237 944 1279 unum
960 1238 1032 1280 con-

56 1304 229 1375 camarini,
247 1320 285 1362 ne
300 1305 458 1364 beneficiis
471 1307 641 1364 vincerer.‘⁴
677 1305 803 1377 certate,
821 1303 953 1363 obsecro
965 1311 1062 1377 v0s‚3

10 1430 13 1442 ,
57 1397 87 1448 et
105 1388 181 1448 lessi
197 1404 321 1463 qunque
336 1391 484 1449 restituite
500 1390 604 1448 aciem.
640 1389 758 1448 Felices
772 1387 824 1461 qui
835 1386 973 1461 vicerint,
990 1389 1033 1445 le-

55 1474 132 1532 lices
149 1473 201 1547 qui
217 1473 385 1532 vincentur.
419 1473 496 1547 Quid
508 1489 544 1532 eo
557 1474 754 1532 adulescente
764 1472 963 1545 praeclarius
981 1473 1034 1545 qui
1137 1503 1147 1524 .

57 1556 117 1617 sibi
132 1555 193 1630 ipsi
209 1556 311 1615 dicere
326 1558 438 1631 poterit
448 1565 566 1632 (neque
581 1559 660 1615 enim
679 1558 725 1615 las
745 1563 793 1615 est
804 1555 889 1613 alteri
902 1555 1032 1632 ujcerep

54 1648 175 1716 patrem
193 1656 292 1698 meum
309 1641 466 1699 beneficiis
483 1642 565 1699 vicit
597 1641 675 1714 Quid
696 1657 732 1700 eo
752 1640 935 1699 fortunatius
949 1655 1032 1713 sene,

57 1725 112 1799 qui
133 1722 273 1780 omnibus
294 1723 408 1797 ubique
431 1723 618 1797 praedicabit
638 1741 656 1781 a
672 1724 735 1783 lilio
752 1739 808 1782 suo
825 1738 859 1781 se
873 1722 1032 1783 beneficiis

55 1807 194 1867 vietum?
229 1804 307 1877 Quid
321 1813 420 1864 autern
437 1814 484 1865 est
499 1807 617 1865 felicius
634 1822 722 1879 quam
739 1807 779 1865 lbi
795 1807 926 1865 cederet

440 1980 646 1989 ————-

338 2119 372 2199 l.
401 2117 541 2200 llllnl
568 2107 740 2200 nulnum

276 2271 326 2322 AD
354 2271 559 2321 AEBUTIUM
589 2271 813 2322 LIBERALEM

160 2382 928 2484 nurn‘nnrrdrts

440 2555 575 2616 LIBER
598 2555 646 2614 IV.

467 2701 620 2709 ——-·

117 2808 141 2865 I.
169 2807 216 2866 Ex
238 2808 378 2869 omnibus
401 2824 481 2883 quae
500 2809 714 2877 tractavimuS,
742 2805 853 2865 Aebuti
873 2806 1060 2886 Liberalisl

53 2897 160 2970 potest
175 2891 271 2951 videri
286 2891 358 2950 nibil
373 2900 436 2952 tam
449 2892 657 2951 necessarium
673 2896 724 2948 aut
735 2890 846 2964 magIs,
867 2896 900 2949 ut
913 2891 954 2949 ait
966 2890 1031 2950 Sal-

53 2975 182 3048 lustius,
207 2991 275 3034 curn
291 2991 364 3034 cura
381 2976 544 3035 dicendum
561 2991 652 3050 quam
668 2974 796 3048 quadiu
812 2974 952 3033 manibus
968 2981 1029 3034 est:

54 3077 101 3118 an
129 3058 368 3118 beneficium
394 3059 488 3118 dare
520 3066 556 3118 et
588 3058 752 3117 invicem
781 3058 941 3131 gratiam
971 3074 1031 3117 re-

55 3145 160 3202 terre
190 3147 258 3216 per
286 3159 327 3201 se
354 3158 415 3201 res
443 3143 690 3216 expetendae
712 3143 798 3201 siut.
835 3142 1060 3221 Inveniuntur2

57 3227 109 3300 qui
128 3226 259 3285 honesta
278 3227 310 3284 in
329 3227 501 3285 mercedem
521 3228 623 3300 colant
642 3226 815 3301 quibusque
836 3243 897 3286 non
914 3228 1033 3301 placeat

54 3311 153 3369 virtus
176 3309 319 3384 gratuita:
350 3325 428 3384 quae
449 3309 523 3368 nihil
544 3310 636 3370 habet
661 3311 690 3368 in
712 3325 746 3369 se
766 3309 977 3385 magnilicum,
1005 3311 1031 3368 si

58 3391 223 3468 quicquam
244 3395 362 3454 venale.
399 3394 476 3467 Quid
497 3395 576 3453 enim
592 3403 639 3454 est
653 3395 772 3467 turpius
791 3409 882 3468 quam
899 3395 1032 3467 aliquem

57 3484 240 3551 conputare,
264 3479 368 3553 quanti
389 3479 435 3536 vir
453 3478 554 3538 bonus
571 3479 623 3552 sit,
647 3477 827 3537 cumvictus
843 3492 899 3534 nec
915 3478 1032 3534 lucrum
