2364 3840
119 180 180 243 150
395 179 428 237 t.
451 178 596 237 Amatur
620 176 795 237 SENECAE

220 332 273 406 qui
285 330 417 391 candore
430 331 510 387 circs
524 331 683 399 anteirent,
703 328 840 388 cursibus
852 345 956 402 curos,
971 384 974 389 .

117 415 200 489 quod
222 429 283 473 uon
305 420 424 487 poterat
439 411 504 469 fieri
520 411 609 482 dixit,
629 416 662 470 ut
675 411 849 471 crederetur
864 419 1013 487 quantum
1027 413 1082 489 piu·

116 501 223 558 rimam
239 505 354 571 posset.
389 495 425 553 Et
440 493 492 567 qui
506 493 581 553 dixit

220 583 266 639 lrls
280 580 443 639 inmobilior
456 581 597 651 scopulis,
620 579 771 637 uiolentior
783 594 879 650 omne,

118 665 228 723 nemmi
245 663 304 722 hoc
320 662 441 736 quidem
457 675 491 719 se
506 676 723 734 persuasurum
740 660 870 734 putarit,
887 662 1022 737 aliquem
1033 669 1084 721 tan

88 752 105 803 a
118 747 291 807 inmobilem
303 759 473 817 essequam
486 744 655 816 scopulum.
678 743 848 816 Numquam
861 750 977 805 tantum
990 750 1084 819 sperat
1100 806 1103 813 ,

118 830 288 905 hyperbole
310 834 454 901 quantum
477 827 582 895 audet,
605 827 661 886 scd
683 827 871 887 incredibilia
886 828 1040 899 adfirmat,
1058 834 1084 887 ut

117 915 157 972 ad
175 910 331 971 credibilia
352 911 517 983 perveniat.
562 909 635 968 Cum
657 910 803 969 dicimus=
832 910 885 984 qui
908 910 1084 971 beneficium

117 996 214 1064 dedit,
239 993 450 1063 obliviscatur,
472 993 531 1052 hoc
551 991 695 1052 dicimus:
717 993 824 1053 similis
844 994 885 1053 sit
899 994 1005 1055 oblito.
1030 1010 1083 1053 me

88 1079 215 1138 aratoria
231 1077 296 1136 eius
318 1093 377 1137 non
394 1077 542 1150 adpareat
556 1091 612 1135 nec
627 1077 768 1136 incurrat.
807 1076 880 1137 Cum
895 1077 1025 1137 dicimus
1039 1078 1082 1137 be·

118 1161 259 1221 neircium
278 1162 374 1236 repeti
397 1177 456 1219 nou
478 1165 637 1234 oportere,
659 1176 721 1220 non
742 1177 782 1220 ex
802 1167 864 1220 toto
880 1161 1083 1236 repetitionem

116 1247 265 1306 tollimus:
288 1261 382 1320 saepe
396 1245 476 1305 enim
491 1259 570 1318 opus
586 1250 633 1302 est
647 1243 734 1303 malis
749 1251 909 1317 exactore,
932 1245 1023 1306 etiam
1037 1245 1082 1304 bo·

117 1331 165 1389 nis
188 1329 403 1389 admonitione.
438 1327 515 1400 Quid
536 1334 632 1400 ergo‘t
654 1327 847 1387 occasionem
862 1327 1017 1402 ignoranti
1031 1344 1082 1388 nou

118 1413 298 1473 ostendam?
332 1411 530 1470 necessitates
555 1409 597 1468 illi
620 1425 704 1470 meas
724 1425 786 1469 non
807 1410 970 1485 detegamr
999 1425 1083 1486 quare

119 1497 256 1555 nescisse
282 1510 317 1554 se
342 1502 394 1553 aut
412 1495 572 1553 mentiatur
596 1501 648 1553 aut
671 1494 798 1554 doleatt
829 1494 1017 1555 interveniat
1037 1496 1082 1553 aii·

118 1578 241 1653 quaudo
257 1575 436 1650 admonitio,
458 1577 515 1636 sed
530 1578 717 1650 verecunda,
739 1592 817 1653 quae
832 1592 893 1637 non
909 1586 1022 1653 poscat
1035 1591 1084 1637 nec

117 1663 145 1720 in
162 1662 210 1720 ius
225 1666 323 1718 vocet.

90 1749 104 1798 1
178 1743 283 1802 XXIV.
307 1742 449 1802 Socrates
467 1744 572 1802 amicis
587 1744 795 1815 audientibus,
817 1747 965 1817 mosem,
987 1744 1086 1819 inquit·

112 1830 254 1905 pallium,
277 1830 303 1886 si
315 1843 446 1887 nummos
460 1829 606 1887 culmem.
638 1825 792 1886 Neminem
808 1827 968 1902 poposcit,
984 1842 1084 1888 omnes

118 1910 281 1970 admonuit.
315 1927 414 1985 aquo
436 1912 603 1985 acciperet,
624 1910 754 1969 ambitus
774 1911 838 1970 iuit.
864 1909 973 1987 quidni
988 1915 1085 1971 essett

117 1995 294 2069 quantulum
310 1994 387 2052 enim
403 2003 480 2067 erat,
497 1994 581 2068 quod
597 1993 740 2053 Socrates
755 1992 946 2069 accipiebat?
970 2000 1002 2053 at
1016 1993 1084 2053 mul·

84 2080 176 2138 atum
193 2084 256 2136 erat
271 2093 339 2135 eum
362 2078 472 2149 luisse,
496 2093 589 2151 aquo
606 2076 749 2136 Socrates
765 2078 928 2151 acciperet.
964 2077 1043 2137 Num
1056 2075 1085 2135 il·

116 2163 163 2220 los
186 2161 336 2232 castigare
358 2161 477 2219 mollius
495 2162 611 2234 potuit?
644 2160 800 2234 Emisscm,
821 2160 933 2235 inquit,
953 2164 1084 2235 palliant,

115 2246 143 2302 sl
153 2258 284 2302 nummos
294 2244 441 2302 nocerem.
468 2242 609 2302 Posthac
623 2243 763 2318 quisquis
776 2244 1005 2318 properaverit,
1019 2258 1084 2304 sero

116 2327 177 2384 dat.
199 2325 258 2383 iam
275 2324 393 2383 Socrati
408 2325 512 2386 deluit.
545 2326 671 2401 Propter
686 2326 814 2387 acerbos
827 2332 990 2387 exactores
1002 2341 1084 2401 repe-

117 2417 180 2469 tere
195 2408 405 2483 prohibemus,
426 2426 484 2468 non
499 2418 532 2470 ut
546 2427 708 2483 numquam
724 2411 790 2483 flat,
812 2410 868 2470 sed
884 2417 917 2470 ut
930 2425 1035 2485 parce.
1061 2432 1064 2437 ·

86 2503 99 2552 1
177 2493 269 2553 XXV.
309 2491 483 2568 Aristippus
519 2494 683 2568 aliquando
718 2494 887 2554 delectatus
916 2501 1083 2568 unguento:

114 2581 206 2650 mole,
229 2575 339 2651 inquit,
357 2579 419 2637 istis
432 2577 609 2650 effeminatis
621 2580 750 2650 cornici,
767 2581 818 2651 qni
829 2592 893 2638 rem
906 2582 969 2638 torn
982 2577 1084 2637 bellom

7 2672 14 2689 ⁴
115 2661 347 2733 infamaverunt.
378 2661 461 2720 idem
477 2661 638 2720 dicendum
653 2667 714 2720 est:
737 2662 816 2720 male
830 2659 896 2721 istis
908 2660 1048 2736 inprobis
1058 2667 1084 2719 et

115 2744 286 2816 inportunis
311 2743 528 2803 beneficiorum
553 2759 677 2803 suorum
704 2743 996 2820 quadruplatoribus
1019 2758 1084 2802 eve

115 2826 191 2896 niat,
216 2827 266 2899 qui
286 2827 476 2886 tumbellam
496 2842 574 2899 rem,
603 2826 837 2887 admonitionem
862 2828 941 2887 inter
961 2827 1083 2899 amicos,

115 2909 310 2966 sustulerunt.
344 2909 409 2982 Ego
432 2918 532 2970 tamen
553 2917 621 2970 utar
634 2909 693 2970 hoc
708 2911 773 2970 iure
788 2911 937 2971 amicitiae
951 2918 983 2971 et
996 2910 1083 2969 bene

114 2989 216 3048 ficium
238 2991 276 3048 ab
298 3006 334 3049 eo
355 3001 505 3067 repetam,
531 3009 625 3068 aquo
648 2994 807 3068 petissem,
829 2993 880 3069 qui
895 2994 1022 3054 alterius
1035 2993 1083 3052 be·

83 3071 215 3135 aueficii
237 3072 305 3131 loco
328 3084 509 3149 accepturus
525 3082 573 3136 cst
591 3077 728 3151 potuisse
743 3077 880 3137 reddere.
915 3077 1083 3152 Numquam

115 3170 153 3213 ne
169 3171 301 3229 querens
318 3158 438 3229 quidem
455 3160 568 3218 dicam:

518 3246 638 3303 ciceiam
652 3247 737 3304 litore
749 3249 879 3317 ecculm

265 3326 372 3398 excepi
383 3329 414 3382 et
427 3327 515 3396 recol
527 3327 646 3386 demens
659 3330 789 3402 inperce
801 3329 904 3387 locooi.

114 3403 179 3464 Non
195 3412 243 3464 est
257 3406 314 3464 ista
329 3406 509 3478 admonitio,
530 3409 701 3469 convicium
715 3418 771 3469 est.
801 3410 859 3470 hoc
874 3418 922 3469 est
936 3409 967 3470 in
981 3410 1083 3471 odium

113 3487 263 3548 beneficia
283 3490 465 3564 perducere,
490 3489 550 3548 hoc
571 3498 619 3550 est
640 3493 777 3564 elicere,
803 3499 837 3553 ut
850 3491 1000 3567 ingratum
1015 3506 1083 3554 esse
