2364 3840
208 174 350 236 norun.
363 175 525 250 quassu.
540 176 672 236 Luam.
690 184 731 237 13.
744 177 909 235 -mnu
929 184 956 237 a.
1012 169 1077 242 257

97 326 158 388 sibi
173 323 302 400 caverit,
324 327 411 386 cuius
427 327 505 387 baec
519 327 655 388 definitio
670 329 773 388 luerit:
801 326 935 401 „fluctus
950 335 998 387 est
1011 345 1074 390 ma·

91 409 193 473 ris'in
210 425 301 470 unam
323 417 438 484 partem
458 409 617 484 agitatio“=
645 410 690 470 sie
709 410 875 481 inhaere,
901 427 991 486 quam
1007 428 1076 471 cum

97 494 232 556 maxime
246 495 436 568 quaerimus,
459 510 520 554 non
537 495 809 567 circumscribetur,
832 494 884 567 qui
898 493 939 553 ita
951 509 991 553 ‚se
1005 511 1075 568 ges-

98 577 189 652 serit,
211 584 245 638 ut
262 577 359 636 dicat:
386 584 515 650 „ventus
537 585 584 638 εει
604 577 704 638 fluens
721 593 773 636 aer
787 579 816 637 in
832 594 923 637 unam
940 583 1075 652 partem“

98 668 151 723 aut
171 677 246 734 „aer
265 659 367 721 fluens
389 661 514 735 inpetu“
536 669 589 721 aut
608 663 675 734 „vis
698 663 777 721 aeris
797 662 828 720 in
844 677 936 720 unam
958 670 1076 736 partem

98 744 221 806 eanum
237 751 289 804 aut
308 760 438 817 „cursus
454 743 535 804 aeris
549 745 652 820 aliquo
670 745 876 806 concitatior.“
912 744 983 805 Scio
1002 746 1104 819 quidl

97 826 283 902 responderi
298 844 354 902 pro
367 827 543 887 definitione
558 830 652 888 altera
664 829 776 902 possit:
801 829 873 904 quid
887 844 1016 891 neeesse
1028 836 1076 888 est

100 912 222 972 adicere
241 919 286 971 ter
314 911 366 983 „in
386 928 477 971 unam
499 918 614 984 partem
629 910 729 971 tluens
746 917 843 972 εεειιι
864 914 970 987 utique
985 913 1073 984 enim,

100 994 184 1070 quod
200 992 280 1067 iluit,
303 995 332 1053 in
347 1012 440 1055 unam
456 1004 573 1069 partem
588 993 663 1054 fluit.
686 1011 775 1055 nemo
792 1012 902 1070 aquam
918 995 1014 1057 iluere
1030 998 1074 1056 di-

100 1079 156 1150 cit,
183 1078 346 1137 sitantum
367 1079 445 1138 intre
471 1094 507 1137 se
534 1086 685 1150 movetur,
715 1078 772 1137 sed
792 1079 818 1137 si
841 1079 944 1154 aliquo
970 1082 1072 1140 fertur.

99 1168 204 1236 potest
223 1175 297 1234 ergo
318 1161 433 1235 aliquid
456 1161 572 1220 moveri
587 1168 616 1220 et
632 1177 693 1220 non
708 1161 819 1232 fluere,
844 1170 874 1222 et
888 1178 906 1221 e
921 1165 1072 1223 contrario

99 1261 160 1305 non
181 1250 287 1318 ¹potest
305 1243 402 1303 liuere
423 1245 482 1303 nisi
503 1245 532 1302 in
555 1261 645 1305 unam
665 1252 793 1319 partem.
830 1243 890 1303 Sed
912 1246 978 1304 sive
998 1246 1101 1310 hacce

99 1327 234 1388 brevitas
256 1328 367 1387 salisa
393 1327 543 1387 calumnia
569 1335 631 1388 tuta
656 1336 722 1400 est,
755 1328 812 1386 hac
834 1335 973 1387 utamur:
1007 1329 1073 1388 sive

97 1410 210 1487 aliquis
232 1409 480 1484 circumspectior
494 1418 556 1484 est,
585 1412 677 1473 verbo
693 1429 754 1472 non
771 1418 889 1486 parcat,
913 1411 1000 1470 cuius
1019 1412 1073 1471 ad-

99 1497 189 1556 iectio
211 1494 433 1554 cavillationem
454 1511 574 1555 omnem
595 1495 705 1569 poterit
720 1497 894 1557 excludere.
930 1495 1016 1554 Nunc
1033 1495 1074 1554 ad

98 1577 198 1654 ipsum
221 1593 285 1636 rem
299 1578 498 1652 accedamus,
519 1581 663 1653 quoniam
678 1581 753 1641 satis
768 1581 807 1639 de
822 1579 951 1639 lormula
967 1579 1071 1653 dispu-

98 1669 191 1725 tatum
207 1667 263 1721 est.

159 1745 195 1805 ll.
224 1744 414 1804 Democritus
435 1746 490 1804 ait=
520 1761 587 1804 cum
609 1747 639 1805 in
660 1754 789 1819 angusto
807 1747 888 1804 inani
905 1748 997 1807 multa
1013 1746 1073 1807 sint

96 1829 298 1904 corpuscula,
322 1842 401 1901 quae
415 1827 464 1887 itte
481 1836 630 1887 atomos
652 1836 756 1899 vocat,
779 1830 868 1902 sequi
883 1838 1015 1889 ventum.
1042 1837 1073 1889 at

97 1919 205 1975 contra
226 1911 360 1985 quietum
381 1918 411 1969 et
437 1912 588 1983 placidum
608 1913 688 1970 aeris
709 1918 818 1972 statum
840 1927 928 1985 esse,
952 1928 1020 1970 cum
1041 1912 1071 1970 in

97 1997 191 2057 mutto
211 1993 293 2053 inani
317 2009 414 2068 pauca
432 1996 496 2053 sint
517 1997 707 2069 corpuscula.
729 2010 798 2053 nam
815 1993 1071 2068 quemadmodum

97 2079 128 2139 in
143 2080 212 2139 loro
229 2085 281 2138 aut
294 2077 379 2150 vico,
402 2078 546 2150 quamdiu
558 2079 694 2152 paucitas
708 2086 769 2150 est,
791 2077 857 2138 sine
871 2079 997 2138 tumultu
1009 2094 1069 2136 am-

93 2162 232 2235 bulatur,
253 2161 305 2222 ubi
328 2161 413 2221 turba
433 2161 463 2219 in
486 2170 646 2236 angustum
668 2162 869 2235 concurrerit,
892 2163 1018 2222 aliorum
1039 2162 1070 2221 in

97 2243 177 2304 alios
197 2245 391 2304 incidentium
412 2245 479 2304 rixa
499 2245 550 2305 tit:
581 2247 627 2306 sio
652 2248 682 2306 in
702 2247 781 2321 hoc,
811 2263 872 2321 quo
893 2246 1069 2306 circumdati

91 2342 218 2399 sumus,
242 2329 341 2402 spatio
363 2343 431 2388 eum
453 2329 593 2402 exiguum
608 2332 706 2391 locum
721 2334 814 2392 multa
831 2347 961 2406 corpora
976 2330 1070 2404 inple-

96 2411 208 2485 verint‚
230 2427 360 2473 necesse
382 2418 429 2472 est
448 2412 508 2471 alia
526 2413 593 2473 aliis
614 2414 748 2476 incidant
763 2423 793 2475 et
810 2413 958 2488 inpellant
972 2429 1008 2471 ac
1023 2428 1069 2470 re-

91 2495 247 2570 pellantur
266 2495 509 2571 inplicenturque
530 2503 559 2557 ει
573 2499 812 2571 conprimantur,
835 2496 1000 2571 exquibus
1017 2511 1069 2553 na-

95 2579 191 2639 seitur
204 2586 328 2652 ventus„
352 2594 419 2639 cum
441 2579 507 2652 illa,
530 2597 608 2655 quae
623 2580 881 2650 colluctabantur,
904 2577 1070 2637 incubuere

95 2668 127 2723 at
146 2661 199 2722 diu
219 2659 365 2722 fluctuata
381 2678 417 2721 ac
432 2663 524 2722 dubia
538 2663 723 2724 inclinavere
738 2678 783 2723 εε.
807 2670 836 2723 ει
848 2661 901 2721 ubi
915 2661 945 2719 in
960 2675 1070 2733 magna

88 2743 219 2808 tlaxitate
241 2761 372 2819 corpora
393 2761 491 2820 pauca
514 2756 688 2821 versantur,
710 2761 768 2806 nec
788 2746 917 2805 arietare
938 2751 1070 2819 possunt

87 2842 154 2890 inec
167 2826 282 2902 inpelli.
324 2839 329 2847 ’

158 2911 209 2971 til.
237 2910 303 2975 Hor
324 2911 432 2971 falsum
454 2927 526 2971 esse
547 2915 595 2970 vel
617 2927 655 2970 ex
678 2927 715 2971 eo
732 2912 858 2985 colligas
879 2912 961 2988 lieet,
986 2914 1098 2988 quodl

94 2993 214 3058 iuterim
234 3001 343 3055 ventus
363 2993 485 3054 minime
501 3003 569 3068 est,
597 3010 664 3055 cum
686 3011 740 3054 aer
760 2994 865 3055 nubilo
888 2998 989 3071 gravis
1012 3005 1068 3056 est.

93 3077 180 3152 atqui
195 3085 265 3138 tunc
279 3076 410 3153 plurima
424 3093 556 3153 corpora
570 3093 605 3138 se
617 3080 648 3138 in
663 3087 823 3154 angustum
838 3082 1027 3142 contulerunt
1040 3088 1070 3140 et

92 3161 168 3220 inde
187 3163 417 3236 est-spissarum
433 3161 556 3226 nubium
571 3163 714 3237 gravitas.
752 3164 851 3224 Adice
865 3181 960 3237 nunc,
985 3164 1098 3239 quoda

95 3245 178 3304 cirea
197 3244 321 3307 flumina
342 3255 371 3306 et
387 3247 476 3307 lacus
498 3249 642 3323 frequens
663 3248 774 3309 nebula
796 3257 843 3309 est
866 3248 972 3309 artatis
997 3264 1068 3307 con·

93 3327 252 3403 gestisque
273 3329 454 3404 corporibus
475 3347 575 3406 neque
596 3339 696 3392 tamen
711 3339 819 3392 ventus
833 3339 889 3392 est
918 3331 1068 3392 interdum

92 3426 167 3471 vero
189 3412 283 3473 multa
304 3413 401 3487 caligo
423 3414 600 3488 effunditur,
628 3423 661 3475 ut
687 3423 886 3489 conspectum
912 3415 942 3473 in
967 3413 1067 3472 vicino

135 3515 237 3555 sanson
249 3515 319 3554 anit.
339 3501 370 3556 ΙΙ.
872 3505 904 3560 17
