2364 3840
275 160 415 220 NATUR.
433 159 593 232 QUAEST.
618 161 689 219 ΗΒ.
705 161 769 220 Vll.
789 168 887 222 5-8.
1007 159 1069 223 301

90 333 130 376 ex
153 314 265 385 nitido,
289 330 327 373 ne
349 329 389 372 ex
409 313 512 387 aliqua
533 329 628 372 causa
642 312 751 373 relluat
764 329 872 372 rursus
887 328 924 372 ac
938 312 1070 373 remitta-

91 411 154 472 tur,
177 399 288 458 deinde
311 397 417 458 iterum
437 399 575 472 proximo
597 397 647 455 die
668 412 703 455 ac
727 396 926 471 sequentibus
943 411 1068 457 consur-

91 500 165 560 gere
180 491 211 542 et
225 483 365 542 eumdem
381 483 481 541 locum
494 480 693 540 inflammare.
715 479 857 540 videmus
869 480 948 539 enim
960 489 1070 539 ventos

93 584 148 643 per
168 567 335 640 conplures
356 565 423 624 dies
445 566 484 624 ad
503 565 698 636 constitutum
713 563 824 623 redire.
856 563 978 638 pluviae
994 581 1069 639 quo-

93 667 154 726 qne
174 659 205 710 et
225 650 283 709 alia
305 657 518 723 tempestatum
536 665 649 723 genera
671 649 710 707 ad
730 648 953 723 praescriptum
967 642 1069 707 reverss

92 740 226 796 tuntur.“
272 734 317 793 Ut
350 731 527 792 breviter
558 740 684 792 autem
715 734 952 793 voluntatem
985 733 1100 794 elusit

91 816 316 892 exprimam,
350 817 480 875 eedem
512 817 600 875 lieri
627 816 780 876 ratione
806 817 876 876 bos
899 824 1069 876 cometas

90 902 307 972 existimat,
330 916 404 975 qua
427 901 525 959 liunt
546 900 655 973 ignes
675 901 828 959 turbine
844 900 971 960 eiecti.
1004 901 1070 959 Hoc

92 1001 186 1045 unum
209 985 347 1055 interest,
370 983 454 1058 quod
474 983 515 1042 illi
538 984 697 1059 [turbines]
717 999 755 1041 ex
770 984 922 1058 superiori
938 992 1024 1059 parte
1039 983 1068 1043 in

91 1077 189 1130 terras
205 1069 424 1142 deprimuntur,
442 1067 472 1125 lri
487 1066 526 1125 de
540 1074 621 1125 terra
635 1068 664 1126 in
681 1065 841 1140 superiora
858 1069 1034 1129 eluctantur.

154 1151 220 1210 Vll.
243 1153 446 1211 Adversus
469 1151 563 1209 haec
585 1151 909 1213 muttadicnntur.
938 1151 1093 1215 Primum]

92 1236 120 1295 si
140 1243 249 1295 ventus
271 1235 301 1293 in
324 1250 418 1294 causa
439 1242 537 1304 esset,
560 1249 725 1308 numquam
746 1241 880 1293 cometes
897 1236 963 1294 sine
979 1243 1068 1294 vento

91 1319 268 1393 adpareret:
284 1335 364 1378 nunc
376 1318 934 1392 autemetquietissimoaiireadparet.
958 1316 1070 1379 deinde

93 1402 120 1462 si
135 1409 226 1462 vento
242 1401 343 1473 fieret,
368 1419 436 1461 oum
453 1410 543 1462 vento
559 1403 696 1472 caderet,
719 1408 748 1461 et
764 1401 790 1461 si
807 1409 896 1462 vento
912 1401 1069 1475 inciperet,

93 1494 245 1545 cresceret
260 1493 350 1546 vento
367 1502 468 1560 eoque
484 1494 569 1546 esset
582 1486 744 1557 ardentior,
769 1502 830 1560 quo
846 1487 896 1545 ille
911 1484 1068 1545 incitatior.

91 1568 146 1628 His
159 1569 277 1629 accedit
292 1570 366 1628 illud
379 1586 517 1644 quoque,
534 1572 617 1644 quod
629 1578 738 1630 ventus
751 1570 860 1629 multas
873 1571 953 1629 aeris
967 1577 1068 1643 partes

91 1651 224 1726 inpellit,
248 1661 382 1713 cometes
403 1655 432 1712 in
455 1671 516 1714 uno
533 1655 602 1714 loco
621 1655 762 1729 adparet,
786 1662 816 1713 et
835 1664 945 1715 ventus
966 1654 996 1713 in
1019 1671 1067 1714 su-

91 1734 181 1794 blime
196 1752 256 1796 non
274 1738 426 1810 pervenit,
448 1746 584 1797 cometae
599 1745 699 1796 autern
716 1738 853 1798 visuntur
868 1755 963 1814 supra
978 1755 1068 1813 quam

91 1818 135 1878 ire
162 1820 262 1879 ventis
287 1821 365 1880 licet.
402 1821 560 1880 Transit
588 1820 728 1879 deinde
754 1821 799 1879 ad
828 1821 935 1890 illoS‚
971 1835 1095 1894 quosa

91 1904 145 1961 ait
169 1905 374 1963 certiorem
401 1903 546 1963 babere
573 1905 774 1963 stellarum
798 1905 985 1977 speciem,
1016 1904 1068 1978 qui

91 1993 122 2046 et
136 1988 307 2061 procedunt
321 1988 449 2060 etsigna
463 1993 663 2062 praetereunt.
686 1987 757 2048 bos
780 1989 832 2047 ait
855 2003 898 2045 ex
921 1988 1068 2046 eisdem

91 2071 222 2130 causis
253 2071 344 2130 lieri
373 2072 515 2146 quibus
543 2072 650 2145 illos,
682 2088 761 2146 quos
780 2072 855 2130 dixit
874 2072 1067 2131 humiliores:

90 2153 149 2212 boc
171 2161 285 2214 tantum
302 2154 464 2228 interesse,
487 2155 571 2230 quod
585 2163 732 2217 terrarum
750 2156 960 2230 exhalationes
975 2157 1069 2216 multa

90 2253 196 2296 secum
217 2238 302 2297 arida
323 2241 455 2299 terentes
477 2239 638 2299 celsiorem
659 2248 761 2315 petant
782 2247 898 2314 partem
914 2241 987 2299 etin
1004 2241 1066 2300 edi·

88 2321 168 2378 liora
183 2321 260 2379 coeli
276 2322 420 2396 aquilone
436 2325 593 2396 pellantur.
631 2323 664 2384 si
674 2323 744 2384 illos
756 2325 860 2398 aquilo
874 2325 1097 2398 propellerets

89 2404 128 2462 ad
150 2404 307 2464 meridiem
328 2422 450 2481 semper
472 2415 643 2481 agerentur,
664 2423 726 2482 quo
745 2415 857 2466 ventus
879 2406 928 2465 hic
949 2407 1066 2466 nititur:

89 2488 174 2562 atqui
195 2489 279 2547 varie
298 2499 496 2563 concurrunt,
523 2491 572 2550 alii
595 2492 623 2549 in
646 2498 759 2562 ortum,
791 2490 841 2548 alii
860 2490 888 2548 in
913 2504 1066 2560 occasum,

90 2587 196 2630 omnes
212 2573 241 2631 in
258 2571 387 2648 flexum,
413 2575 496 2649 quod
512 2574 567 2634 iter
582 2592 641 2636 non
660 2576 746 2633 daret
758 2581 877 2632 ventus.
911 2571 1029 2632 Deinde
1040 2572 1067 2632 si

89 2655 242 2729 aquilonis
264 2656 333 2716 illos
354 2657 476 2732 inpetus
498 2658 527 2716 iu
549 2661 641 2718 ultum
656 2659 786 2730 levaret,
808 2655 876 2716 aliis
892 2655 989 2715 uentis
1005 2671 1065 2714 non

89 2739 239 2799 orirentur
255 2748 407 2800 cometae:
430 2743 513 2816 atqui
529 2744 674 2803 oriuntur.

152 2823 231 2881 Vlll.
261 2824 343 2882 lllam
366 2843 446 2885 nunc
462 2827 611 2886 rationem
627 2824 693 2885 eius
709 2832 852 2899 (utraque
868 2821 948 2881 enim
961 2823 1089 2893 utitur)t

88 2908 271 2966 relellamus.
309 2907 459 2983 Quicquid
474 2909 588 2970 humidi
603 2911 741 2983 aridique
753 2916 834 2969 terra
847 2906 975 2979 elllavit,
997 2924 1066 2967 cum

88 2988 117 3048 in
133 3007 227 3050 unum
243 2990 317 3064 coit,
340 2994 409 3066 ipsa
424 2993 578 3053 discordia
594 3009 758 3068 corporum
771 2993 909 3067 spiritum
920 2998 1025 3052 versat
1036 2991 1064 3049 in

88 3073 247 3133 turbinem.
281 3081 353 3133 tunc
374 3075 425 3133 illa
440 3076 583 3134 visconti
597 3076 810 3136 circumeuntis
826 3076 972 3150 quicquid
987 3073 1065 3132 intra

88 3173 123 3217 se
145 3156 381 3230 conprehendit,
409 3173 502 3218 cursu
524 3158 663 3216 accendit
684 3166 713 3218 ot
734 3159 815 3221 levat
840 3160 869 3217 in
892 3161 1001 3227 altum,
1028 3171 1064 3214 ac

88 3249 147 3299 tam
163 3241 215 3299 diu
229 3247 332 3296 trianet
347 3240 493 3311 splendor
507 3237 587 3311 ignis
599 3242 749 3315 expressi,
766 3243 911 3317 quamdiu
923 3240 1065 3299 alimenta

88 3323 255 3382 sulficiunt.
280 3321 392 3393 quibus
410 3321 619 3381 desinentibus
635 3325 746 3400 etipse
761 3325 901 3386 subsidit.
936 3323 992 3394 Qui
1006 3321 1094 3381 hoca

88 3404 169 3475 dicit,
185 3417 245 3460 non
257 3411 348 3476 notat,
362 3405 461 3479 qualis
474 3406 513 3465 sit
523 3403 674 3466 turbinum
688 3424 797 3469 cursus
810 3416 840 3467 et
852 3406 949 3480 qualis
962 3420 1063 3464 come-
