2364 3840
154 169 217 233 296
445 168 478 226 L.
501 168 648 227 ANNAEI
668 166 843 226 SENECAE

154 323 300 397 regiones
315 321 472 395 urbesque
487 327 622 390 vastant,
645 335 705 378 non
722 318 948 394 naufragiorum
964 323 1132 382 totas-clas·

157 423 208 467 ses
230 405 418 466 sorbentium
434 411 530 462 nictus
547 411 608 473 est,
632 419 692 462 non
708 418 793 461 arma
808 403 967 463 contrariis
984 404 1134 480 disposita

157 491 277 550 vexillis
292 497 322 547 et
338 489 367 546 in
384 495 517 547 mutuam
534 487 697 561 perniciem
713 488 873 546 multorum
888 488 1002 548 milium
1020 505 1076 563 par
1092 493 1133 548 lu·

156 591 222 644 ror,
252 588 312 631 non
339 572 511 645 pestilentia
533 578 563 629 et
587 571 730 630 ardentes
755 571 930 644 promiscue
957 573 1135 632 communes

158 658 282 734 populis
305 656 484 715 cadentibus
505 655 581 729 rogi.
618 654 703 714 istud
717 656 784 713 leve
800 663 865 714 este
888 656 969 729 quod
984 657 1133 726 timemus,

157 758 251 816 grave
271 749 326 800 est.
358 741 458 812 potius
477 739 570 796 semel
590 739 703 799 incidat
718 755 808 812 quom
825 753 947 813 semper
960 739 1135 815 inpendeat.

128 827 222 899 sego
239 832 337 883 autem
354 821 453 896 perire
465 823 599 895 timeam,
615 838 684 881 curn
699 829 776 882 terra
787 830 856 881 ante
868 838 917 882 me
929 832 1050 898 pereat,
1069 836 1135 884 cum

159 911 217 968 ista
239 908 424 981 ornabantur,
455 922 533 978 (puae
555 907 707 980 quatiunt,
735 906 813 965 etin
835 905 975 966 iniuriam
1001 915 1135 967 nostram

160 1008 218 1051 non
242 990 307 1048 sine
330 1006 386 1048 sua
408 991 549 1050 veniant?
583 988 708 1049 Helicen
722 989 878 1064 Burinque
895 998 975 1051 totas
990 1007 1073 1050 mare
1088 1006 1135 1050 ao·

160 1075 255 1149 cepit=
278 1089 335 1146 ego
352 1074 390 1132 de
406 1090 466 1133 uno
479 1073 664 1148 corpusculo
676 1074 818 1132 timcamt
839 1090 934 1149 supra
946 1074 1064 1149 oppida
1076 1076 1136 1134 dno

159 1159 328 1231 navigatur.
362 1158 423 1217 duo
446 1166 546 1216 eutem
570 1168 650 1232 quae
671 1157 829 1231 novimus,
852 1158 981 1232 quaein
1002 1165 1136 1217 nostram

160 1242 294 1302 notitiam
317 1241 462 1301 memoria
484 1241 578 1300 literis
600 1249 723 1300 servata
744 1242 903 1315 produxit=
932 1258 1024 1316 quam
1046 1242 1138 1300 multa

160 1327 220 1386 alin
239 1326 305 1384 aliis
330 1326 405 1385 locis
426 1341 527 1383 mersa
546 1331 636 1384 suntl
664 1333 740 1400 quot
760 1326 894 1400 populos
915 1332 969 1386 aut
989 1332 1071 1385 terra
1088 1332 1138 1384 aut

161 1412 238 1468 intra
251 1425 285 1468 se
298 1425 380 1467 lirare
393 1409 535 1467 inclusit?
556 1424 613 1483 ego
625 1423 765 1468 recusem
778 1409 836 1468 mei
846 1408 947 1481 linem,
964 1424 1033 1469 cum
1043 1409 1138 1468 sciam

160 1511 208 1552 rne
224 1495 291 1553 sine
307 1493 366 1551 fine
382 1509 443 1553 non
459 1499 551 1550 esset
573 1493 663 1552 immo
680 1508 747 1551 cum
764 1494 859 1551 sciam
874 1491 977 1552 omnia
987 1507 1060 1552 esse
1071 1492 1136 1552 lini-

131 1585 211 1641 star
233 1592 291 1651 ego
305 1577 439 1634 ultimum
454 1576 618 1649 suspirium
634 1576 777 1635 timeam?
813 1576 964 1650 Quantum
979 1582 1069 1651 potes
1085 1575 1137 1634 ita·

162 1676 236 1735 que,
257 1661 324 1733 ipse
339 1665 368 1717 te
384 1659 559 1731 cohortare,
576 1659 686 1733 Lucili,
702 1668 808 1720 contra
823 1667 934 1719 metum
949 1661 1071 1721 mortis:
1090 1658 1138 1717 hic

161 1751 223 1813 est,
248 1743 372 1817 quinos
388 1741 518 1803 humiles
535 1742 615 1803 lacit.
637 1743 685 1802 hic
701 1751 761 1815 est,
786 1744 837 1818 qui
853 1743 953 1818 ipsum
967 1745 1076 1816 vitam,
1092 1741 1139 1801 cui

163 1827 273 1901 parcit,
297 1825 444 1902 inquietat
465 1841 501 1884 ac
517 1827 624 1900 perdit.
655 1826 702 1884 hic
717 1826 818 1886 omnia
833 1827 891 1886 ista
905 1826 1025 1902 dilatat,
1047 1835 1138 1887 terra-

161 1929 227 1970 rum
249 1919 349 1971 motus
371 1916 402 1970 et
422 1910 556 1970 lulmina.
584 1926 662 1985 quae
684 1911 785 1969 omnia
806 1911 886 1970 teres
902 1919 1094 1984 constanter,
1112 1908 1138 1968 si

165 1995 346 2068 cogitaveris
369 1993 441 2053 nihil
462 1995 612 2053 interesse
633 1994 708 2053 inter
730 1993 872 2068 exiguum
894 2006 1015 2070 tempus
1030 2000 1060 2055 et
1075 1996 1137 2054 lon-

125 2088 241 2152 logum.
278 2079 380 2137 Horae
395 2076 480 2147 sunt,
504 2095 581 2152 quas
599 2079 764 2151 perdimus.
790 2085 864 2152 puta
878 2079 946 2139 dies
961 2095 1048 2151 esse,
1068 2084 1138 2153 puta

162 2177 300 2231 menses,
328 2169 400 2235 puta
421 2178 534 2221 annos=
563 2161 717 2236 perdimus
738 2162 824 2235 illos,
847 2178 958 2237 nempe
977 2164 1137 2238 perituros.

163 2244 256 2316 Quid,
277 2252 391 2314 orote,
413 2246 519 2316 relert,
540 2262 610 2304 num
626 2246 801 2319 perveniam
815 2246 855 2306 ad
870 2246 960 2306 itlost
987 2245 1054 2306 lluit
1068 2254 1137 2307 tem·

163 2344 221 2402 pus
243 2333 273 2385 et
295 2326 491 2386 avidissimos
513 2328 559 2387 sui
581 2329 703 2389 deserit.
740 2345 797 2389 nec
818 2328 902 2405 quod
926 2330 1062 2391 loturum
1083 2336 1137 2402 est,

163 2427 262 2470 meum
286 2417 347 2482 est,
371 2426 428 2469 nco
451 2412 534 2485 quod
557 2413 620 2470 luit.
649 2412 678 2471 ln
701 2420 815 2486 puncto
836 2413 980 2488 fugientis
994 2413 1138 2489 temporis

124 2504 154 2555 tl
165 2497 284 2570 pendeo
301 2501 331 2553 et
345 2495 445 2569 magni
458 2503 505 2554 est
519 2495 672 2556 modicum
688 2496 793 2556 luisse.
828 2496 993 2571 Eleganter
1003 2497 1055 2557 ilte
1065 2497 1138 2556 Lae

163 2581 221 2641 lius
239 2579 364 2654 sapiens
378 2580 489 2639 dicenti
502 2579 637 2639 cuidam:
659 2580 827 2654 &noginto
838 2597 933 2641 annos
943 2581 1055 2641 babeo:
1070 2580 1138 2652 Hor,

162 2663 274 2737 inquit,
296 2667 455 2738 sexaginta
476 2666 564 2735 dicis,
586 2680 657 2738 quos
671 2680 729 2724 non
743 2661 856 2726 bobes?
885 2665 930 2724 Ne
945 2680 985 2724 ex
1000 2664 1061 2724 hoc
1076 2663 1136 2740 qui

163 2747 232 2806 dem
255 2748 455 2821 intellegimus
470 2746 778 2820 inconprehensibilis
792 2748 871 2808 vitae
886 2749 1100 2810 condicionem
1111 2755 1139 2808 et

164 2838 276 2888 sortem
293 2831 438 2903 temporis
452 2846 574 2904 semper
586 2830 683 2904 allent,
700 2832 783 2905 quod
794 2848 892 2892 annos
903 2832 1139 2893 adnumeremus

123 2913 318 2977 tremisses?
339 2913 405 2973 Hoc
420 2914 590 2988 adfigamus
605 2913 715 2986 animo,
731 2915 790 2975 hoc
806 2915 895 2976 nobis
911 2914 1045 2976 subinde
1059 2917 1138 2976 dica·

164 3010 246 3054 mus:
269 2997 479 3069 „moriendum
494 3006 550 3057 est.
580 2997 714 3072 quando,
731 2999 805 3073 quid
819 3005 895 3059 tuat
916 3014 1001 3059 mors
1016 3007 1140 3060 naturae

164 3081 214 3138 lex
236 3087 297 3151 est,
322 3096 405 3140 mors
423 3080 564 3142 tributum
582 3080 778 3157 officiumque
793 3083 962 3143 mortalium
977 3084 1140 3144 malorum·

165 3179 225 3237 que
241 3162 374 3224 omnium
390 3165 556 3223 remedium
571 3173 633 3224 este
657 3167 772 3239 optavit
782 3166 862 3225 illam
875 3167 1019 3242 quisquis
1029 3166 1141 3228 timet.“

166 3246 310 3307 Omnibus
327 3245 451 3307 omissis
465 3247 524 3308 hoc
539 3265 648 3321 unum,
668 3248 778 3321 Lucili,
798 3250 962 3322 meditare,
981 3267 1021 3311 ne
1035 3251 1141 3312 mortis

164 3346 274 3390 nomen
297 3329 489 3390 reformides.
518 3331 607 3391 allice
627 3332 708 3391 illam
723 3331 774 3393 tibi
791 3334 974 3408 cogitatione
990 3337 1086 3395 multa
1100 3336 1140 3394 la-

163 3414 325 3489 miltarem,
344 3420 392 3489 ut,
416 3414 442 3475 si
456 3415 498 3475 ita
512 3415 625 3488 tulerit,
648 3417 751 3489 possis
766 3417 807 3475 illi
823 3424 853 3476 et
867 3416 990 3478 obviem
1004 3418 1101 3479 exire.
