2364 3840
113 172 178 235 226
406 170 439 230 L.
461 170 608 230 ANNAEI
631 168 807 230 SENECAE

114 323 231 397 virgam
251 322 300 381 vel
321 322 460 382 trondem
482 318 679 392 demerseris,
700 318 830 394 lapidem
848 326 920 393 post
937 319 1004 379 dies
1019 334 1088 394 pau

116 423 170 468 cos
192 403 336 465 extrahis.
366 401 616 465 circumfunditur
635 403 715 461 enim
737 400 860 476 corpori
882 402 974 462 limus
987 401 1090 462 adlini·

115 497 226 564 unque
241 489 393 564 paulatim.
430 488 496 547 Hoc
512 488 611 545 minus
626 486 678 546 tibi
692 485 845 546 videbitur
856 484 981 560 mirum,
1000 485 1027 545 si
1040 502 1091 546 no-

115 574 227 633 taveris
249 571 375 632 Albulas
392 579 423 630 et
443 573 507 630 lere
522 569 731 643 sulphuratam
745 583 856 644 aquam
871 567 955 628 eirca
970 571 1093 629 canales

85 657 190 717 fisuos
211 658 357 730 ripasque
378 655 489 714 durari.
531 654 629 713 Alium
652 651 765 712 habent
784 666 910 711 causam
934 652 977 712 illi
998 652 1091 726 lacus,

470 754 542 811 quos
555 740 677 811 quisque
690 742 724 796 ul
732 735 875 808 saucibus
891 736 1000 809 hausit,

115 831 148 883 ut
163 824 241 882 idem
258 829 348 896 poeta
363 818 412 892 ait,

177 915 230 964 aut
239 906 320 977 furit
332 910 385 963 aut
390 907 509 978 patitur
523 907 629 963 mirum
642 905 791 977 pravitate
803 917 948 977 soporem.

117 989 250 1049 Similem
276 988 335 1045 vim
361 986 472 1046 habent
497 1003 603 1058 mero,
636 987 692 1046 sed
719 985 989 1046 vehementiorem.
1026 1002 1091 1044 nam

117 1071 374 1147 quemadmodum
390 1071 537 1143 ebrietas,
559 1070 658 1130 donec
673 1069 855 1143 exsiccetur,
878 1069 1033 1130 dementia
1048 1077 1092 1128 est

116 1164 146 1215 et
166 1155 261 1214 nimia·
277 1156 424 1228 gravitate
444 1155 579 1214 defertur
600 1154 628 1212 in
647 1168 803 1213 somnum:
825 1153 871 1213 sic
886 1152 979 1213 huius
994 1168 1091 1229 aquae

117 1239 282 1314 sulphurea
303 1239 350 1299 vis
368 1243 420 1312 [et]
436 1237 552 1296 habens
568 1237 723 1312 quoddam
739 1237 839 1297 acrius
853 1251 894 1295 ex
911 1239 985 1296 aere
1000 1236 1089 1298 noxio

86 1324 197 1383 6virus
213 1330 343 1383 mentem
358 1328 410 1381 aut
425 1322 527 1381 surore
542 1327 644 1381 movet
654 1327 707 1380 aut
719 1335 834 1395 sopore
844 1319 1000 1394 opprimit.
1028 1321 1090 1380 Hoc

115 1406 206 1466 babet
220 1407 288 1465 mali

674 1488 820 1563 Lynceius
834 1489 941 1561 umna's,

198 1589 282 1646 quem
297 1573 471 1646 quicumque
483 1586 593 1645 purum
606 1572 758 1632 moderato
768 1578 888 1645 patere
903 1572 1008 1643 traxit,

198 1658 272 1714 taut
284 1658 372 1714 aliter
388 1655 504 1727 titubat,
525 1670 614 1728 quum
628 1657 656 1714 si
668 1671 751 1715 mero
765 1657 835 1714 ulau
850 1655 976 1716 didbsel.
1007 1668 1011 1673 ·

88 1749 101 1799 1
175 1739 252 1798 XXI.
281 1739 314 1796 ln
330 1738 481 1812 quosdam
503 1752 617 1812 specus
636 1737 688 1813 qui
707 1739 894 1812 despexere,
914 1736 1087 1798 moriuntm.

114 1832 175 1886 tam
191 1824 281 1884 velox
296 1824 407 1883 malum
423 1829 484 1894 est,
507 1831 540 1881 ut
551 1822 776 1882 transvolantes
788 1838 863 1881 aves
876 1821 1003 1881 deiciat:
1025 1819 1086 1879 talis

115 1916 163 1969 est
182 1924 250 1982 aer,
273 1909 341 1968 talis
362 1908 464 1978 locuS,
488 1922 525 1965 ex
544 1922 604 1979 quo
625 1906 722 1965 letalis
738 1921 818 1980 aqua
832 1903 968 1964 distillat
1006 1901 1087 1977 Quod

115 1994 141 2051 si
157 1992 314 2051 remissior
336 1989 391 2050 luit
405 1989 484 2048 atris
499 1997 529 2048 et
543 1988 602 2049 loci
618 1990 728 2064 pestis,
751 1990 819 2063 ipsa
834 2003 961 2064 quoque
978 1993 1086 2061 tempe-

114 2071 209 2133 ratior
219 2090 300 2134 noxa
311 2072 383 2131 nihil
396 2072 526 2144 amplius
538 2089 628 2145 quam
640 2079 766 2146 temptat
776 2088 889 2133 nervos
899 2073 986 2130 velut
996 2070 1086 2131 ebrie

85 2154 174 2214 2tate
196 2162 362 2228 torpentes.
404 2153 466 2210 Nec
487 2155 594 2225 miror,
617 2157 642 2212 si
658 2155 744 2216 locus
761 2164 853 2231 atque
867 2170 921 2214 aer
935 2169 1034 2229 aquas
1048 2155 1087 2211 in·

114 2237 176 2296 ficit
190 2237 367 2310 similesque
382 2233 558 2307 regionibus
577 2237 691 2311 reddit,
716 2255 771 2313 per
786 2254 863 2314 quas
880 2243 911 2297 et
926 2253 967 2298 ex
982 2237 1086 2312 quibus

115 2318 252 2377 veniunt:
276 2315 378 2392 pabuli
393 2333 488 2392 sapor
502 2320 630 2394 adparet
644 2321 672 2379 in
689 2323 781 2395 lacte,
803 2330 833 2382 et
847 2319 910 2382 vini
926 2319 974 2381 xis
990 2316 1087 2381 existit

113 2404 142 2462 in
166 2409 264 2463 aceto.
300 2400 386 2462 Nulla
409 2416 460 2460 res
482 2411 543 2476 est,
571 2421 649 2478 quae
669 2422 729 2466 non
753 2407 833 2478 eius,
862 2421 926 2480 quo
945 2405 1086 2475 nascitur,

114 2487 334 2547 notasreddat.
997 2489 1004 2498 '

173 2569 264 2631 XXII.
287 2569 403 2631 Aliud
426 2578 485 2631 est
501 2586 686 2645 aquarum
702 2587 839 2646 genus,
861 2570 1087 2647 quodnobis

113 2657 243 2728 placet
271 2655 454 2731 coepisse
483 2664 563 2715 cum
591 2655 748 2714 mundo=
782 2656 847 2715 sive
873 2656 924 2714 ille
948 2663 1086 2716 aeternus

113 2746 174 2812 est,
199 2739 275 2799 hoec
298 2754 421 2815 quoque
443 2739 497 2799 tuit
517 2753 652 2812 semper,
677 2737 744 2797 sive
764 2739 881 2799 initium
902 2739 1031 2815 aliquod
1044 2743 1087 2798 est

113 2820 168 2894 illi,
191 2822 268 2882 haec
288 2839 411 2899 quoque
433 2839 500 2883 cum
520 2829 582 2882 toto
599 2821 749 2896 disposita
765 2830 822 2883 est.
859 2821 944 2896 Quae
959 2823 1000 2884 sit
1013 2816 1085 2881 liaeo

114 2906 257 2981 quaeris?
293 2906 468 2968 Oceanus
489 2915 518 2967 et
529 2905 746 2980 quodcumque
758 2921 797 2965 ex
810 2906 861 2966 illo
874 2914 975 2969 terras
989 2917 1086 2967 mare

112 2989 253 3049 interluit.
294 2991 431 3050 iudicant
451 2991 574 3066 quidam
603 2990 927 3066 nominatimque,
958 3004 1085 3066 quorum

112 3072 322 3133 inenarrabilis
344 3081 451 3133 natura
470 3082 531 3146 est,
554 3090 622 3133 cum
644 3072 714 3147 ipso
728 3075 842 3135 mundo
858 3072 995 3135 traxisse
1008 3073 1084 3150 prin-

112 3158 205 3231 cipia,
233 3163 265 3215 ut
286 3156 410 3229 Istrum,
432 3165 465 3216 ut
482 3157 595 3228 Nilum,
617 3163 724 3216 vastos
747 3172 852 3217 amnes
868 3158 1030 3234 magisque
1043 3157 1082 3214 in·

111 3239 230 3314 signes,
256 3254 346 3312 quam
368 3245 400 3297 ut
415 3239 473 3298 dici
488 3240 590 3314 possit
602 3241 740 3300 eamdem
756 3240 814 3300 illis
831 3239 980 3315 originem
997 3253 1084 3316 quam

109 3324 221 3383 ceteris
237 3337 317 3381 esse.

172 3406 276 3466 XXIIl.
307 3404 408 3463 Haec
434 3410 493 3462 est
524 3420 616 3480 ergo
646 3423 831 3482 aquarum
859 3402 1025 3483 divisio,
1054 3405 1082 3466 nl
