2364 3840
160 169 223 233 284
451 172 484 230 L.
505 172 651 230 ANNAEI
673 170 848 231 SENECAE

161 333 220 384 tam
247 324 413 399 inquietum
441 340 532 399 (piram
556 340 623 396 aer,
651 332 712 383 tam
737 321 889 383 versabile
915 331 945 383 et
973 323 1133 397 agitatione

159 410 321 482 gaudeus?

131 497 144 548 1
220 492 313 550 xl'll.
345 492 489 566 Sequitur
511 507 599 564 ergo,
622 498 656 549 ul
676 498 811 553 naturam
835 506 923 551 suam
942 499 1088 550 exerceat
1107 497 1134 549 el

159 576 245 650 quod
265 591 388 650 semper
408 576 615 645 mordritum,
637 574 802 648 aliquando
818 584 848 633 et
862 572 922 633 alia
935 584 1068 635 moveat.
1102 575 1133 632 ld

160 660 283 734 quaudo
296 660 349 719 fitt
367 659 491 733 ‹puando
504 659 545 716 illi
557 673 666 718 aursus
678 657 856 718 interdictus
868 665 925 717 est.
947 674 1020 718 uam
1032 674 1132 734 quam-

159 744 210 802 diu
228 759 288 802 uon
307 743 467 816 inpeditur,
490 742 511 800 it
529 742 657 815 placide.
681 758 750 801 oum
766 740 930 801 offenditur
941 748 973 801 et
982 742 1133 813 retinetur,

159 828 271 886 insanit
285 834 314 885 et
328 842 430 885 moras
446 842 519 883 suas
537 826 700 902 abrumpit,
722 842 784 886 non
800 825 884 886 aliter
900 841 993 901 quam
1008 826 1059 885 ille

420 917 538 985 pontem
552 912 724 983 iudipnatus
738 910 866 970 Araxes.

130 994 306 1068 aquamola
328 993 369 1053 illi
393 994 489 1052 laoilis
512 1001 542 1052 et
562 992 638 1052 liber
657 1001 706 1053 est
719 993 841 1065 alvena,
865 995 980 1067 primas
996 1009 1134 1069 quasque

159 1094 256 1150 aquas
273 1078 418 1152 explieat:
441 1076 492 1137 ubi
508 1093 584 1137 saxa
599 1094 690 1137 manu
703 1078 751 1136 vel
766 1093 842 1137 oasu
853 1078 947 1137 inlata
957 1093 1134 1153 repressere

159 1163 346 1234 venientem,
374 1171 445 1222 tunc
467 1163 601 1236 inpetum
622 1176 708 1220 mora
723 1162 841 1236 quaerit
857 1169 887 1222 et
903 1178 964 1236 quo
979 1164 1069 1237 plura
1083 1175 1134 1234 op-

159 1247 260 1320 posita
283 1254 367 1319 suut,
398 1246 468 1320 plus
489 1245 603 1304 invenit
623 1244 740 1304 virium.
770 1245 869 1305 omnis
884 1244 966 1306 enim
980 1244 1134 1314 illaunda‚

161 1346 240 1404 quae
256 1346 274 1388 a
289 1338 374 1404 tergo
391 1330 656 1404 supervenientia
673 1344 707 1389 se
723 1330 847 1399 erescit,
870 1344 939 1389 euru
955 1346 1036 1390 onus
1051 1344 1135 1388 suum

160 1414 311 1473 sustinere
327 1430 385 1474 nou
403 1412 514 1488 potuit,
540 1412 599 1471 vim
615 1412 702 1472 ruina
716 1421 802 1487 parat
817 1419 846 1470 el
860 1428 960 1487 prona
972 1428 1043 1473 eum
1053 1412 1135 1487 ipsis,

161 1513 240 1571 <puae
254 1498 447 1569 obiaeebaut‚
464 1497 548 1570 fugit.
572 1497 655 1555 ldem
667 1498 773 1572 spiritu
786 1496 834 1569 lit,
852 1497 904 1571 qui
916 1513 979 1572 quo
989 1494 1137 1556 valentior

161 1581 331 1655 agiliorque
344 1588 400 1653 ost,
414 1581 502 1640 eitius
514 1578 640 1655 eripitur
651 1590 680 1641 et
692 1580 901 1640 vehementius
913 1589 1038 1656 septum
1049 1594 1136 1640 omne

161 1664 324 1723 disturbat:
346 1679 385 1722 ex
401 1681 462 1739 quo
477 1672 578 1723 molus
594 1664 642 1736 lit,
666 1664 782 1724 scilieet
797 1664 863 1724 eius
879 1665 992 1739 partis,
1008 1663 1137 1737 subque

130 1758 147 1810 3
160 1755 326 1823 pugnatum
343 1755 398 1807 est.
435 1748 522 1821 Quod
538 1746 646 1806 dieitur
660 1764 765 1807 verum
778 1763 849 1807 esse
861 1763 901 1807 ex
912 1747 964 1807 illo
977 1747 1136 1823 probatur:

161 1846 256 1905 saepe
278 1847 345 1892 eum
368 1840 466 1891 terrae
490 1838 591 1891 motus
613 1831 684 1906 luit,
706 1831 733 1891 si
756 1832 847 1890 modo
863 1847 938 1906 pars
953 1831 1022 1891 eius
1037 1829 1136 1905 aliqua

161 1916 282 1991 dirupta
302 1923 364 1988 est,
387 1917 458 1975 inde
479 1922 587 1974 vontus
609 1930 664 1989 per
683 1916 795 1975 multos
814 1915 881 1974 dies
902 1913 1008 1989 fluxit,
1030 1920 1066 1974 ut
1081 1920 1136 1973 tra·

161 2000 241 2058 ditur
256 2017 293 2059 eo
306 2001 418 2059 laetum
428 2008 526 2072 motu,
544 2015 606 2073 quo
619 1998 737 2058 Chalcis
750 1999 913 2058 laboravit:
936 1998 1021 2073 apud
1031 1998 1136 2057 Ascle-

160 2084 321 2157 piodotum
347 2081 505 2153 iuvenies,
535 2082 702 2142 auditorem
728 2081 904 2153 Posidonii,
933 2082 963 2141 in
988 2080 1039 2141 his
1063 2080 1136 2155 ipsis

162 2167 376 2239 quaestionum
394 2166 575 2225 naturalium
597 2166 709 2224 causis.
742 2166 879 2225 invenies
904 2170 935 2225 et
957 2164 1043 2241 apud
1063 2163 1135 2224 alios

162 2256 303 2308 auctores
326 2247 430 2308 hiasse
445 2264 506 2308 uuo
521 2251 590 2307 looo
606 2255 716 2308 terram
730 2257 760 2309 et
776 2248 849 2307 inde
862 2264 923 2307 non
938 2249 1052 2322 exiguo
1065 2254 1135 2307 tern-

160 2346 237 2406 pore
260 2331 398 2406 spirasse
419 2340 556 2402 ventum,
580 2331 631 2407 qui
647 2333 763 2393 scilieet
777 2332 851 2393 illud
866 2332 923 2392 iter
938 2332 1010 2407 ipse
1023 2332 1081 2392 sibi
1097 2332 1134 2389 le·

162 2422 259 2488 cerat,
285 2431 339 2489 per
354 2416 437 2490 qarod
454 2415 616 2474 terebatur.

133 2506 149 2556 1
224 2499 331 2558 XVlll.
359 2500 491 2558 Maxima
512 2516 586 2573 ergo
608 2505 783 2567 causaest,
807 2505 1045 2573 propterquam
1063 2506 1134 2559 terra

162 2591 334 2656 moveatur,
358 2582 482 2658 spiritus
504 2591 611 2642 natura
632 2580 710 2641 oitns
726 2589 756 2641 el
778 2582 994 2642 looumelooo
1010 2589 1134 2642 mutans.

161 2666 211 2725 hie
226 2665 372 2741 quamdiu
386 2683 446 2727 non
463 2667 615 2742 inpellitur
630 2672 659 2724 et
673 2666 705 2723 in·
716 2665 837 2725 vacanti
851 2665 953 2740 spatio
965 2666 1048 2736 latet,
1064 2665 1135 2723 iaeel

134 2748 306 2810 ainnoxius
322 2766 379 2810 nee
394 2750 596 2809 circumiectis
614 2750 760 2808 molestus
775 2754 837 2810 est:
860 2748 913 2808 ubi
927 2748 1011 2808 illurn
1027 2748 1134 2807 extrin-

164 2848 255 2892 seeus
278 2835 499 2907 superveniens
515 2848 610 2892 eausa
625 2832 765 2891 sollicitat
780 2832 989 2907 conpellitque
1003 2838 1034 2892 et
1047 2832 1077 2891 in
1092 2845 1134 2889 ar·

164 2923 225 2974 tum
247 2918 321 2990 agit,
353 2918 378 2975 si
400 2919 469 2976 licet
491 2917 604 2987 adhue,
626 2915 707 2975 cedit
729 2922 843 2975 tantum
865 2922 894 2975 el
915 2922 1062 2989 vagatur:
1088 2910 1134 2973 ubi

164 3005 270 3072 erepta
285 2999 465 3059 discedendi
480 3001 607 3061 laeultas
624 3007 670 3058 est
684 3011 714 3057 et
730 2999 867 3073 undique
882 2996 1051 3071 obsistitur,
1069 3005 1135 3058 tuno

571 3099 678 3157 mopso
691 3100 759 3143 oum
772 3099 923 3143 murmure
936 3085 1044 3143 monas

248 3169 360 3227 circum
374 3168 507 3226 claustra
517 3167 661 3239 fremunt,

165 3265 244 3326 quae
259 3250 311 3309 diu
333 3251 453 3324 pulsata
471 3249 663 3310 convellitur
678 3250 782 3322 iactat,
806 3264 843 3309 eo
860 3248 970 3323 acrior,
995 3264 1058 3325 quo
1074 3261 1135 3306 num

135 3342 248 3396 3mora
263 3333 431 3393 valentiore
445 3334 576 3392 luctatus
587 3340 642 3391 est.
672 3332 790 3392 Deinde
802 3348 871 3393 oum
883 3330 967 3393 eirea
978 3333 1136 3407 perlustra·

164 3417 325 3492 vitamne,
347 3434 408 3492 quo
425 3416 592 3488 tenebatur,
615 3430 672 3475 nes
688 3416 785 3490 potuit
800 3416 949 3491 evadere,
970 3415 1060 3491 inde,
1081 3428 1135 3491 quo
