2364 3840
165 171 229 235 250
306 146 310 153 ’
448 173 482 234 c.
506 172 652 232 inuam
674 171 850 232 sannone

128 334 145 388 6
160 326 259 399 Quare
280 340 342 383 non
365 330 467 397 elego
483 322 555 381 milii
570 323 650 381 idem
666 323 851 396 permittam,
876 322 960 396 quod
974 323 1138 398 Anaxago·

161 416 233 468 rost
265 409 342 466 inter
365 408 463 466 nullos
485 407 583 480 magis
609 422 700 480 quam
723 403 801 465 inter
824 405 1030 480 philosophos
1053 407 1138 467 debet

162 508 233 551 esse
247 507 348 566 aequa
359 491 500 551 libertas:
515 490 632 564 grando
647 488 720 548 nihil
730 489 811 548 aliud
823 497 871 550 est
881 505 974 564 quam
986 507 1139 565 suspensa

161 576 289 650 glacies,
306 575 358 632 nix
373 574 402 631 in
415 574 523 648 pruina
539 574 678 648 pendens
693 572 880 646 congelatio:
895 572 971 632 illud
986 575 1068 633 enim
1084 576 1138 634 iam

161 660 308 729 diximus,
334 657 417 732 quod
439 657 516 715 inter
534 672 644 731 aquam
661 664 691 717 et
709 671 809 715 rorem
828 656 967 730 interest,
989 656 1050 717 hoc
1067 659 1139 718 inter

162 745 300 816 pruinam
323 749 353 799 et
374 739 519 813 glaciem,
547 756 603 798 nec
624 757 686 800 non
708 739 787 798 inter
800 741 901 799 nivem
915 746 946 799 et
961 742 1138 815 grandinem

160 827 319 886 interesse.

131 925 147 976 1
223 908 275 965 IV.
300 906 440 967 Poteram
460 921 509 964 me
535 915 695 980 peracta
723 907 955 980 quaestione
975 909 1137 970 dimittere:

162 992 217 1051 sed
232 990 311 1049 bene
326 1004 466 1050 mensum
482 989 562 1049 dabo
578 998 627 1065 et,
653 991 796 1063 quoniam
818 991 908 1065 coepi
921 992 976 1052 tibi
992 994 1137 1054 molestus

161 1089 246 1146 esse,
264 1073 411 1149 quicquid
423 1074 452 1133 in
467 1073 527 1136 hoc
543 1075 612 1133 loco
627 1073 781 1149 quaeritur
795 1073 904 1134 dicam.
932 1075 1138 1149 Quaeritur

162 1163 276 1228 autem,
305 1173 424 1233 quare
449 1157 570 1216 hieme
591 1158 738 1231 ningat,
764 1174 836 1218 non
858 1159 1081 1234 grandinat,
1105 1166 1139 1219 et

161 1257 254 1300 vere
271 1241 342 1301 iam
364 1240 695 1316 trigoreinlracto
711 1242 995 1315 grandocadat
1017 1244 1094 1304 Nam
1110 1251 1138 1304 ut

161 1324 248 1383 lullar
262 1324 331 1398 tibi,
356 1342 461 1384 verum
483 1324 554 1382 milii
578 1324 700 1399 quidem
716 1324 932 1399 persuadetur,
957 1328 1010 1400 qui
1024 1343 1075 1387 me
1089 1343 1137 1387 ns·

162 1423 223 1481 que
240 1409 279 1467 ad
295 1409 456 1467 mendacia
470 1407 547 1466 haec
559 1409 689 1481 leviora,
702 1409 731 1467 in
748 1409 860 1483 quibus
875 1425 911 1469 os
927 1410 1064 1485 percidi,
1078 1428 1136 1472 non

129 1493 241 1557 coculi
262 1492 326 1550 erui
348 1493 463 1564 solent,
485 1490 640 1550 credulum
665 1500 797 1565 praesto.
827 1492 933 1552 Hieme
948 1508 1002 1553 aer
1019 1495 1097 1570 riget
1111 1501 1137 1554 et

160 1575 230 1633 ideo
253 1575 388 1634 nondum
411 1573 441 1632 in
463 1589 573 1648 aquam
588 1576 729 1649 vertitur,
759 1575 814 1635 sed
831 1575 860 1635 in
877 1576 993 1649 nivem,
1022 1579 1072 1638 cui
1087 1594 1138 1637 aer

160 1656 364 1731 propinquior
379 1664 443 1717 est:
468 1673 537 1716 cum
553 1673 608 1716 ver
623 1659 737 1733 coepit,
753 1659 849 1719 maior
862 1658 1020 1720 inclinatio
1036 1661 1136 1737 sequi·

158 1747 208 1799 tur
233 1740 379 1814 temporis
404 1747 435 1800 et
464 1741 608 1800 calidiore
629 1744 716 1802 coelo
737 1743 854 1802 maiora
873 1743 952 1803 liunt
976 1743 1136 1805 stillicidia.

159 1822 247 1897 ideo,
262 1830 295 1884 ut
309 1825 350 1884 ait
364 1824 518 1898 Vergilius
535 1831 653 1897 noster,

439 1923 506 1969 cum
520 1911 582 1967 ruit
595 1908 782 1981 imbriferum
796 1926 856 1983 ver,

160 1991 369 2052 vehementior
391 1998 438 2051 est
459 1992 583 2052 mutatio
605 1992 685 2051 atris
705 1994 843 2067 undique
862 1994 1009 2067 patefacti
1032 2000 1063 2053 et
1076 1996 1134 2053 sol-

161 2075 258 2134 ventis
283 2090 318 2133 se
342 2075 412 2149 ipso
436 2082 544 2148 tepore
564 2074 734 2135 adiuvante.
769 2076 808 2136 ob
829 2075 890 2137 boc
909 2077 1005 2137 nimbi
1026 2092 1135 2152 graves

129 2171 147 2224 3
161 2158 258 2230 magis
274 2158 415 2231 vastique
432 2174 522 2231 quam
538 2159 710 2231 pertinaces
726 2160 913 2220 deferuntur.
944 2158 1060 2221 Bruma
1074 2161 1134 2220 len-

162 2248 207 2299 tas
224 2240 344 2312 pluvias
359 2239 494 2298 habetet
509 2247 631 2313 tenues,
654 2242 761 2316 quales
782 2258 877 2317 saepe
891 2244 995 2304 solent
1007 2244 1134 2305 interve·

159 2323 237 2392 nire,
256 2338 323 2382 cum
341 2322 445 2396 pluvia
456 2337 525 2380 rara
539 2330 569 2381 et
585 2323 699 2384 minuta
715 2327 815 2385 nivem
831 2341 958 2402 quoque
971 2326 1134 2388 admixtam

157 2407 258 2466 babet.
287 2405 415 2466 dicImus
431 2405 561 2466 nivalem
577 2406 671 2481 diem,
694 2425 763 2469 cum
783 2413 875 2470 altum
893 2411 990 2485 mgus
1005 2418 1038 2471 et
1051 2411 1134 2472 triste

159 2491 278 2551 coelum
300 2497 356 2553 est.
388 2490 548 2550 Praeterea
568 2492 712 2566 aquilone
736 2491 829 2554 flante
850 2501 879 2571 et
898 2510 989 2554 suum
1017 2496 1134 2556 coelum

158 2575 287 2635 habente
303 2576 435 2635 minutae
446 2573 568 2649 pluviae
584 2581 667 2634 sunt:
690 2584 793 2636 austro
809 2577 906 2638 lmbar
915 2577 1078 2653 inprobior
1089 2582 1135 2637 est

159 2666 189 2717 et
203 2666 305 2730 guttae
322 2659 486 2733 pleniores.

127 2751 142 2800 1
221 2743 258 2798 V.
286 2743 361 2800 Rem
382 2758 401 2800 a
417 2741 531 2802 nostris
552 2740 683 2816 positam
697 2757 798 2817 neque
814 2743 918 2802 dicere
932 2745 1050 2819 audeo,
1066 2742 1133 2819 quia

156 2821 274 2881 infirma
299 2825 431 2895 videtur,
460 2841 562 2899 neque
586 2825 759 2901 praeterire.
792 2825 866 2900 quid
886 2826 967 2887 enim
988 2828 1061 2889 mali
1080 2834 1132 2900 est,

157 2903 272 2977 aliquid
295 2914 324 2964 et
344 2907 472 2967 laeiliori
493 2909 584 2967 iudici
596 2909 753 2968 scriberet
779 2908 871 2969 immo
888 2909 914 2969 si
929 2911 1033 2971 omnia
1047 2926 1130 2986 argu·

156 2993 258 3044 menta
276 2988 314 3045 ed
336 2988 498 3050 obrussam
515 2993 707 3065 coeperimus
729 2992 867 3067 exigere,
890 2993 1045 3055 silentium
1058 2992 1132 3053 indi·

158 3075 250 3129 cetur.
275 3084 373 3144 pauca
390 3073 469 3133 enim
482 3075 645 3134 admodum
656 3081 728 3134 sunt
741 3075 809 3135 sine
823 3075 1020 3139 adversarior
1034 3084 1131 3138 cetera

124 3152 214 3211 aetsi
232 3153 370 3227 vincunt,
392 3156 516 3229 litigant.
546 3158 640 3218 Aiunt
660 3159 752 3231 enim,
775 3174 862 3233 vere,
887 3160 1036 3237 quicquid
1053 3162 1130 3221 circa

158 3235 313 3314 Scythiam
335 3244 364 3294 et
380 3237 507 3298 Pontum
529 3247 560 3299 et
580 3241 857 3316 septemtrionalem
879 3245 1005 3319 plagam
1023 3244 1129 3320 glacia·

156 3325 218 3378 tum
239 3327 269 3379 et
289 3319 464 3380 adstrictum
488 3329 549 3395 est,
575 3324 715 3384 relaxari.
747 3332 819 3385 tunc
840 3324 966 3387 ilunrma
980 3328 1083 3405 gelata
1096 3332 1130 3401 [el

156 3404 256 3480 locus]
282 3403 456 3477 discedere,
483 3412 554 3465 tunc
583 3408 708 3468 obrutos
732 3416 853 3470 montes
877 3410 980 3472 nivem
1002 3412 1130 3474 solvere.
