2364 3840
178 186 240 251 244
456 188 489 247 L.
512 186 657 246 ANNAEl
681 184 855 245 SENECAE

144 347 160 398 5
176 340 352 415 spectaculo
367 340 461 399 locus.
478 337 522 395 lbi
534 352 589 410 per
602 336 714 395 arduas
727 337 913 412 excisasque
925 338 1066 412 pluribus
1078 337 1150 401 locis

175 439 270 498 rupes
282 422 367 481 Nilus
380 422 517 494 exsurgit
528 428 557 479 et
571 419 652 479 vires
665 435 737 479 suas
750 420 891 480 concitat.
914 420 1063 495 frangitur
1075 422 1149 480 enim

179 505 410 568 occurrentibus
422 505 506 563 saxis
519 511 549 561 et
561 519 615 577 per
625 511 755 577 angusta
768 504 950 576 reluctatus,
966 503 1150 579 ubicumque

178 591 270 649 vincit
285 597 336 648 aut
348 589 490 659 vincitur,
506 587 631 647 fluctuat
642 593 673 644 et
686 586 745 645 illic
758 587 887 661 primurn
899 587 1043 647 excitatis
1055 588 1150 662 aquis,

179 690 256 750 quas
272 675 338 731 sine
350 673 477 731 tumultu
493 671 552 728 leni
567 671 654 729 alveo
670 671 813 742 duxerat,
829 670 980 731 violentus
993 678 1024 731 et
1037 680 1151 731 torrens

179 774 234 833 per
248 756 398 828 malignos
420 754 565 812 transitus
581 753 700 827 prosilit
715 752 870 813 dissimilis
886 753 961 812 sibi:
982 755 1101 830 quippe
1114 757 1150 815 ad

178 843 207 900 id
224 842 342 899 lutosus
363 845 393 896 ct
408 837 546 896 turbidus
562 835 641 896 ituit:
668 836 764 896 alubi
779 838 1072 910 scopuloscautium
1087 855 1150 897 vcr-

178 922 308 994 beravit,
330 928 452 994 spumat
466 928 496 980 et
511 921 551 979 illi
568 936 628 979 non
645 935 684 978 ex
698 927 804 979 natura
818 935 890 991 sua,
911 921 969 979 sed
992 937 1032 981 ex
1046 922 1151 981 iniuria

179 1007 237 1065 loci
259 1007 343 1063 color
365 1012 420 1063 est.
449 1004 632 1078 tandemque
653 1004 802 1063 eluctatus
824 1003 976 1063 obstantia
991 1004 1022 1063 in
1038 1012 1150 1064 vastam

179 1088 366 1147 altitudinem
386 1088 486 1148 subito
510 1088 670 1147 destitutus
686 1087 767 1146 cadit
782 1102 850 1147 cum
867 1086 980 1160 ingenti
997 1087 1149 1148 circumia-

180 1173 308 1231 centium
336 1173 493 1244 regionum
518 1169 656 1245 strepitu.
690 1185 780 1245 quem
808 1170 945 1245 perterre
969 1186 1049 1246 gens
1075 1172 1148 1231 ibia

178 1256 278 1315 Persis
300 1256 450 1316 collocata
467 1272 528 1314 non
546 1255 642 1329 potuit
656 1254 775 1313 obtusis
791 1254 922 1314 adsiduo
938 1255 1063 1329 iragore
1077 1256 1148 1315 auri-

179 1341 236 1399 bus
262 1347 292 1398 et
317 1339 356 1398 ob
381 1338 440 1399 hoc
466 1342 616 1411 [mutatis]
639 1337 765 1397 sedibus
784 1338 824 1396 ad
844 1336 997 1411 quietiora
1019 1338 1149 1399 translati

148 1446 165 1499 g
182 1430 260 1482 snnt.
283 1423 363 1481 inter
378 1422 524 1481 miracula
539 1420 674 1481 fluminis
692 1419 900 1479 incredibilem
914 1420 1087 1482 incolarum
1103 1439 1147 1481 au·

181 1508 298 1565 daciam
321 1506 439 1579 accepi:
461 1506 524 1563 hini
548 1507 674 1579 parvula
694 1505 813 1578 navigia
828 1506 1058 1580 conscendunt,
1081 1521 1147 1581 quo-

180 1606 247 1648 rum
260 1591 335 1647 atter
347 1603 455 1646 navem
465 1589 555 1662 regit,
571 1592 646 1647 atter
658 1585 805 1647 exhaurit.
818 1587 929 1647 deinde
940 1589 1070 1649 multum
1081 1590 1149 1649 inter

180 1673 318 1744 rapidam
340 1671 487 1730 insaniam
506 1672 563 1730 Nili
584 1679 613 1730 et
633 1671 809 1745 reciprocas
832 1671 956 1745 quidem
972 1662 1087 1733 fluctus
1102 1688 1147 1732 vo·

181 1756 263 1813 lutati
285 1755 406 1813 tandem
426 1756 622 1815 tenuissimos
643 1756 766 1813 canales
785 1760 903 1818 tenent.
927 1771 983 1830 per
1004 1773 1085 1832 quos
1104 1772 1147 1815 an-

181 1846 271 1912 gusta
285 1838 407 1912 rupium
422 1837 582 1913 effugiunt,
605 1845 635 1898 et
655 1853 723 1896 curn
738 1844 801 1898 toto
823 1835 949 1898 flumine
965 1837 1059 1900 effusi
1074 1839 1148 1899 nani-

181 1924 262 1995 gium
277 1937 369 1981 ruens
384 1938 475 1981 manu
489 1930 657 1998 temperant
672 1936 843 1995 magnoque
855 1923 1062 1995 spectantium
1076 1930 1149 1983 metu

181 2007 210 2063 in
227 2014 318 2079 caput
333 2005 433 2075 missi,
454 2021 522 2065 curn
537 2006 596 2064 iam
612 2005 648 2063 ad
654 2005 823 2079 ploraveris
838 2004 1049 2086 mersos[que]
1065 2014 1148 2082 atque

182 2089 308 2147 obrutos
324 2096 406 2147 tanta
420 2091 499 2147 mole
515 2089 697 2159 credideris,
722 2089 812 2162 longe
827 2088 865 2147 ab
882 2104 936 2161 eo,
951 2089 983 2148 in
1000 2107 1092 2165 quem
1106 2105 1148 2149 cc-

182 2171 333 2241 ciderunt,
350 2171 419 2231 loco
434 2172 577 2244 navigant
592 2172 729 2231 tormenti
743 2170 834 2231 modo
850 2169 947 2232 missi.
978 2188 1037 2233 nec
1051 2172 1150 2247 mergit

149 2253 295 2326 pcadens
310 2254 408 2325 unda,
431 2254 486 2311 sed
502 2254 600 2327 planis
616 2255 705 2328 aquis
721 2255 819 2314 tradit.
840 2253 974 2314 Primum
987 2257 1148 2317 incremen-

181 2344 243 2395 tum
258 2334 314 2395 Nili
331 2336 411 2395 circa
426 2337 568 2410 insulam,
592 2355 682 2411 quam
698 2339 789 2397 modo
804 2339 906 2410 retuli,
921 2338 1042 2412 Philas,
1058 2338 1148 2400 nasci-

182 2428 238 2480 tur.
260 2420 378 2496 Exiguo
390 2421 428 2479 ab
440 2420 498 2480 hac
511 2423 609 2496 spatio
622 2430 708 2496 petra
720 2420 877 2481 dividitur:
890 2414 1040 2503 ’Ἁβατον
1051 2421 1150 2484 Graeci

181 2510 307 2578 vocant,
329 2521 386 2563 nec
402 2505 481 2563 illam
497 2507 547 2564 ulli
563 2506 620 2564 nisi
636 2506 785 2565 antistites
801 2506 928 2565 calcant
958 2507 1011 2566 illa
1027 2508 1149 2582 primurn

181 2605 257 2648 saxa
273 2596 392 2648 auctum
411 2588 543 2647 fluminis
560 2589 702 2648 sentiunt.
731 2588 805 2648 Post
818 2589 949 2663 spatium
967 2590 1080 2651 deinde
1094 2604 1148 2647 rna·

181 2688 274 2746 gnum
290 2674 351 2732 dno
368 2673 498 2731 emicant
513 2673 648 2747 scopuli:
671 2672 748 2731 Nili
762 2687 882 2731 venas
899 2680 1013 2735 vocant
1027 2674 1149 2742 incolae,

182 2772 221 2814 ex
245 2757 355 2829 quibus
377 2772 487 2830 taragna
502 2757 570 2833 vi[s]
595 2756 743 2828 tunditur,
759 2770 820 2815 non
836 2762 936 2815 tamen
953 2764 1069 2832 quanta
1082 2771 1148 2832 opo·

181 2837 241 2896 rire
257 2840 356 2911 possit
368 2840 553 2916 Aegyptum.
581 2840 609 2897 in
631 2839 708 2898 haec
730 2854 784 2897 ora
798 2839 908 2913 stipem
924 2841 1105 2903 sacerdotes
1124 2844 1150 2897 ct

182 2936 274 2979 aurea
289 2921 370 2980 dona
386 2923 546 2995 praelecti,
571 2939 640 2982 cum
661 2923 809 2982 sollemne
824 2923 907 2981 venit
920 2938 1061 2999 sacrum,
1083 2922 1148 2983 iaci-

149 3010 243 3073 gunt.
286 3004 363 3062 Hinc
390 3006 449 3063 iam
473 3007 650 3066 manilcstus
679 3021 827 3066 novarum
851 3005 1067 3068 virium-Nilus
1094 3008 1148 3066 alto

183 3102 218 3144 ac
245 3087 398 3160 profundo
424 3088 511 3148 alveo
538 3091 647 3162 lentur,
681 3105 720 3149 ne
744 3089 774 3147 in
799 3089 990 3150 latitudinem
1017 3091 1147 3158 excedat,

183 3169 304 3229 obiectu
328 3170 472 3229 montium
500 3188 636 3245 pressus.
680 3174 764 3233 Circa
785 3172 950 3246 Memphim
976 3174 1097 3235 demum
1119 3172 1147 3230 li-

182 3253 236 3310 ber
257 3261 287 3312 et
307 3269 363 3327 per
384 3257 566 3327 campestria
586 3272 683 3330 vagus
705 3257 734 3315 in
758 3258 845 3331 plura
866 3256 1016 3318 scinditur
1032 3258 1146 3318 flumina

182 3351 335 3410 manuque
363 3337 518 3395 canalibus
544 3338 646 3412 lactis,
672 3348 705 3399 ut
725 3341 763 3400 sit
783 3340 893 3400 modus
909 3340 941 3399 in
956 3341 1145 3401 derivantiun

183 3426 348 3493 potestate,
372 3435 427 3496 per
447 3427 541 3480 totam
558 3422 698 3484 discurrit
713 3425 898 3498 Aegyptum.
931 3423 1024 3485 initio
1040 3421 1146 3485 diduci
