2364 3840
44 35 186 128 ν

44 159 266 532 ἴ
310 227 405 276 ‚rura
423 216 584 289 QUAEST.
606 215 677 277 ΜΒ.
691 216 742 274 Vl.
764 225 896 277 ‘ro-m
1010 217 1071 283 287

125 379 225 432 rtasse
246 370 349 444 aliqua
369 377 455 443 parte
478 369 578 429 subito
601 369 761 429 decidente
776 371 942 443 percutitur
957 380 986 431 et
1001 371 1072 430 inde

124 463 207 515 otum
229 452 319 528 capit.
348 455 481 512 tortasse
503 454 605 527 aliqua
621 469 692 526 pars
708 460 806 512 terrae
823 455 904 513 velut
923 455 1070 514 columnis

138 540 144 552 ‘
190 538 277 597 sdanr
294 552 330 596 ac
347 536 416 610 pilis
433 536 607 608 sustinetur,
625 537 736 611 quibus
752 537 862 596 vitiatis
877 553 913 596 ac
924 539 1070 597 receden-

194 621 294 680 trcmit
315 620 438 696 pondus
454 621 628 695 inpositum.
656 623 786 680 sortasse
802 620 900 680 calida
917 621 965 680 vis
983 621 1100 697 spiri-l

45 730 47 735 ·
91 713 140 765 tus
162 706 191 763 in
213 705 314 779 ignem
334 720 425 764 versa
446 713 476 763 et
498 704 612 764 fulmini
633 704 739 763 similis
759 721 827 764 cunr
843 719 953 778 magna
967 712 1070 779 strage

44 821 56 876 p
92 787 277 849 obstantium
300 789 403 847 lertnr.
438 789 570 847 tortasse
590 789 743 862 palustres
764 795 794 847 et
815 787 950 848 iacentes
972 805 1070 864 aquas
1122 848 1129 857 ,

91 872 203 948 aliquis
225 871 316 931 flatus
337 872 453 946 inpellit
474 880 504 931 et
524 871 594 929 inde
616 873 764 931 anticius
783 874 1071 947 terramquatitaut

92 957 217 1030 spiritus
235 954 356 1029 agitatio
374 957 443 1029 ipso
462 962 544 1014 motu
560 970 703 1013 crescens
720 962 750 1014 et
764 971 798 1015 se
813 956 941 1016 incitans
957 957 994 1017 ab
1010 958 1070 1017 im'o

91 1041 120 1099 in
134 1055 253 1100 summa
264 1054 365 1112 usque
378 1040 557 1112 perfertur.“
592 1038 710 1097 Nullam
723 1046 821 1098 tamen
834 1040 873 1098 illi
888 1043 988 1114 placet
1000 1057 1068 1100 cau-

91 1139 157 1182 sam
174 1131 274 1182 motus
290 1138 361 1181 esse
377 1123 521 1180 maiorem
537 1138 628 1196 quam
643 1121 792 1196 spiritum.

153 1205 230 1266 XXI.
262 1205 381 1266 Nobis
412 1220 566 1279 quoque
597 1207 726 1281 placet
759 1206 857 1265 hunc
891 1208 1099 1280 spirituml

91 1306 196 1362 csse,
227 1290 290 1363 qui
321 1290 449 1363 possit
477 1295 585 1349 tanta
616 1290 765 1363 conari,
796 1305 857 1362 quo
879 1289 953 1349 nihil
975 1293 1070 1349 estin

90 1389 192 1432 rerum
215 1379 322 1432 natura
344 1373 513 1446 potentius,
542 1372 614 1430 nihil
637 1375 753 1447 acrius,
783 1374 925 1448 sineque
948 1389 1005 1432 nec
1021 1375 1071 1432 illa

93 1457 232 1531 quidem,
255 1472 334 1530 quae
355 1455 623 1515 vehementissima
645 1465 729 1528 sunt,
753 1459 866 1516 valent:
889 1457 988 1530 ignem
1008 1459 1070 1531 spi-

90 1541 166 1599 ritus
187 1540 326 1601 concitat.
356 1556 470 1614 aquae,
495 1539 521 1598 si
538 1548 657 1599 ventum
674 1540 831 1615 detrahas,
855 1541 968 1600 inertes
984 1549 1070 1600 sunt:

90 1632 163 1684 tunc
185 1624 305 1682 demum
326 1623 462 1697 inpetum
484 1630 621 1696 sumant,
649 1640 716 1683 cum
738 1625 805 1684 illas
827 1625 889 1698 agit
909 1623 1010 1683 flatus,
1042 1634 1072 1685 et

91 1715 194 1782 potest
212 1707 364 1780 dissipare
385 1723 495 1780 magna
516 1708 615 1780 spatia
630 1714 776 1767 terrarum
793 1716 822 1768 et
836 1724 935 1769 novos
951 1717 1070 1770 montes

91 1790 248 1851 subiectus
270 1791 416 1850 extollere
437 1799 468 1850 et
489 1791 604 1849 insulas
626 1806 684 1849 non
711 1799 781 1850 ante
806 1793 891 1852 visas
919 1793 947 1851 in
969 1794 1070 1852 medio

90 1875 166 1934 mari
179 1888 305 1948 ponere.
340 1873 456 1932 Theren
471 1882 500 1934 et
509 1874 682 1932 Therasiam
695 1882 724 1934 et
735 1874 814 1934 hanc
826 1883 950 1935 nostrae
962 1876 1069 1935 aetatis

90 1959 235 2029 insulam,
257 1958 466 2031 spectantibus
483 1958 572 2016 nobis
587 1958 616 2016 in
633 1961 759 2032 Aegaeo
775 1960 849 2018 mori
864 1967 980 2032 natam,
1000 1959 1069 2032 quis

92 2041 208 2101 dubitet
224 2042 296 2114 quin
311 2040 341 2099 in
358 2041 456 2100 lucem
471 2040 597 2115 spiritus
613 2042 752 2101 vexerit?

154 2125 233 2184 Duo
254 2139 397 2198 genera
416 2132 520 2197 sunt,
544 2123 807 2185 utPosidonio
824 2126 967 2200 placet,
991 2126 1099 2200 qui-2

91 2207 162 2268 bus
184 2215 356 2267 movetur
377 2216 491 2268 terra.
525 2209 682 2282 utriusque
703 2226 815 2270 nomen
832 2209 1068 2284 est‘proprium2

91 2292 186 2351 altera
206 2292 413 2351 succussio
436 2300 497 2364 est,
519 2308 585 2351 cunt
608 2299 688 2351 terra
704 2295 836 2367 quatitur
851 2301 881 2354 et
895 2309 1017 2353 sursum
1033 2309 1068 2352 ac

91 2376 236 2435 deorsum
258 2383 405 2449 movetur,
422 2375 514 2434 altera
536 2375 758 2450 inclinatio,
783 2394 844 2451 qua
858 2378 888 2436 in
904 2379 998 2436 latera
1014 2394 1068 2435 nu-

90 2465 132 2518 tat
152 2456 266 2532 navigii
286 2475 379 2519 more.
417 2474 486 2532 ego
510 2465 545 2517 et
570 2458 723 2518 tertium
751 2460 849 2518 illud
871 2460 1068 2531 existimo,

92 2543 176 2618 quod
190 2549 295 2602 nostro
308 2542 460 2602 vocabulo
473 2542 625 2616 signatum
641 2549 696 2601 est.
719 2559 779 2602 non
796 2542 874 2600 enirn
892 2542 957 2600 sine
974 2557 1068 2600 causa

91 2633 294 2686 tremorem
317 2633 415 2691 terrae
430 2625 535 2685 dixere
551 2627 696 2696 maiores,
715 2626 766 2699 qui
778 2625 898 2699 utrique
911 2625 1068 2683 dissimilis

92 2717 147 2768 est.
181 2725 251 2768 nam
272 2725 330 2769 nec
353 2709 560 2769 succutiuntur
581 2716 652 2768 tunc
673 2710 773 2768 omnia
796 2725 852 2767 nec
877 2707 1066 2779 inclinantur,

92 2793 148 2852 sed
162 2791 335 2852 vibrantum
354 2808 406 2853 res
421 2793 543 2852 minime
557 2794 585 2852 in
597 2792 771 2852 huiusmodi
786 2808 861 2852 casu
871 2789 973 2866 noxia,
990 2791 1069 2851 sicut

91 2877 183 2950 longe
204 2874 406 2951 perniciosior
426 2884 473 2937 est
498 2876 650 2936 inclinatio
670 2877 884 2936 concussione.
918 2891 987 2934 nam
1008 2874 1068 2934 nisi

91 2959 231 3019 celeriter
246 2975 284 3019 ex
300 2961 394 3019 altera
409 2966 494 3034 parte
510 2961 718 3034 properaverit
729 2968 844 3034 motuS,
861 2959 912 3034 qui
926 2960 1069 3019 inclinata

89 3041 243 3119 restituat,
266 3044 354 3103 ruina
370 3044 547 3103 necessario
565 3045 709 3117 sequitur.

153 3125 244 3185 XXII.
274 3126 347 3187 Cum
369 3127 532 3187 dissimiles
558 3127 588 3186 hi
609 3135 709 3188 molus
729 3127 807 3188 inter
825 3144 859 3187 se
876 3135 960 3201 sunt,
984 3130 1094 3198 [tumll

91 3225 206 3271 causae
230 3227 344 3286 quoque
363 3227 469 3270 eorum
490 3211 632 3271 diversae
658 3219 746 3272 sunte
781 3212 888 3286 prius
917 3227 990 3284 ergo
1022 3209 1066 3268 de

89 3300 192 3355 motu
214 3295 415 3370 quatiente
435 3293 617 3354 dicamus.
660 3295 830 3369 Siquando
848 3307 1066 3367 magnaonera

88 3393 146 3453 per
162 3376 245 3438 vices
260 3377 470 3438 vehiculorum
484 3379 613 3452 plurium
627 3385 722 3438 tracta
733 3386 804 3438 sunt
815 3384 844 3436 et
856 3383 940 3435 rotae
951 3375 1066 3433 maiore
1094 3451 1099 3461 ι

88 3461 161 3522 nisu
173 3461 203 3520 in
215 3460 353 3522 salebras
365 3461 543 3533 inciderunt,
560 3470 669 3522 terram
680 3460 801 3523 concuti
814 3459 936 3521 senties.
957 3457 1065 3517 Ascle·
1100 3460 1104 3467 '
