2364 3840
262 202 314 261 DE
334 197 546 260 BENEFICIIS
565 201 687 260 ¹LIB.ll.
708 209 841 263 29—32.
997 202 1039 266 33

10 390 15 415 =
66 360 168 412 mento
191 369 252 426 quo
275 352 426 425 obligatus
449 367 499 422 es,
523 350 548 409 si
571 350 635 423 vis,
660 365 728 408 cum
745 350 880 424 quolibet
894 351 981 424 paria
996 352 1038 409 l-

10 461 15 498 i
67 435 149 509 cisti,
172 433 1038 510 quoniamquilibenterbeneliciumaccipit,

10 544 12 582 :
65 517 250 578 reddidit.

128 602 232 662 XXXI.
262 601 328 660 Hoc
352 616 390 658 ex
411 599 578 673 paradoxis
595 598 716 659 Stoicae
731 607 834 659 seclae
848 598 972 659 minime
986 599 1063 662 mil

10 714 20 733 ·
64 687 176 759 rabile,
202 692 236 745 ut
254 699 322 743 mea
342 684 400 742 lert
420 683 537 757 opinio,
560 689 612 742 aut
625 681 803 742 incredibile
817 689 879 756 est,
903 699 972 743 eum
988 685 1040 758 qui

64 769 194 828 libenter
215 768 326 841 accipit
346 765 528 825 beneficium
548 766 732 825 reddidisse.
768 783 838 825 nam
855 783 923 828 cum
939 769 1040 827 omnia

11 860 14 864 ’
64 853 104 911 ad
124 852 257 911 animum
272 852 455 919 reseramuS‚
480 850 551 908 lecit
567 849 697 924 quisque
714 858 857 924 quantum
873 852 979 910 voluit.
1011 859 1041 910 et

64 953 134 996 cum
156 936 269 1010 pietas,
294 935 388 1004 fides,
411 933 538 1004 iustitia,
564 931 662 992 omnis
688 934 820 1007 denique
842 935 938 995 virtus
962 936 1040 994 intra

65 1035 101 1079 se
124 1020 261 1093 perlecta
280 1018 333 1088 sit,
363 1015 480 1076 etiamsi
500 1016 541 1074 illi
562 1033 683 1076 manum
706 1033 849 1077 exserere
864 1035 925 1078 non
947 1020 1038 1094 licuit,

63 1110 170 1178 gratus
198 1115 321 1175 quoque
348 1106 449 1172 potest
474 1115 545 1158 esse
570 1100 661 1159 bomo
686 1101 850 1160 voluntale.
893 1102 1068 1175 Quotiensi

66 1186 152 1259 quod
178 1184 340 1258 proposuit
360 1184 491 1257 quisque
512 1185 725 1257 consequitur,
755 1183 836 1258 capit
861 1185 964 1259 operis
990 1186 1039 1246 sui

63 1272 203 1329 fructum.
239 1267 291 1343 qui
313 1266 495 1326 beneficium
517 1267 582 1341 dal,
605 1267 678 1341 quid
695 1267 860 1340 proponite
888 1270 1039 1342 prodesse

63 1355 92 1412 ei
109 1351 158 1412 cui
174 1353 226 1411 dal
239 1358 269 1411 et
279 1350 428 1424 voluptati
440 1350 497 1408 sibi
509 1366 590 1410 esse.
615 1351 641 1410 si
654 1351 736 1425 quod
748 1351 845 1410 voluit
857 1350 958 1410 effecit
969 1349 1056 1426 per-'

62 1435 208 1509 venitque
223 1436 262 1494 ad
276 1450 326 1493 me
342 1435 459 1493 animus
475 1434 541 1493 eius
556 1450 592 1493 ac
607 1441 711 1494 mutuo
727 1434 840 1508 gaudio
858 1433 976 1509 adiecit,
992 1443 1037 1496 tu-

61 1520 96 1579 lit
109 1519 192 1594 quod
208 1517 302 1593 petiit.
326 1533 386 1576 non
399 1516 479 1577 enim
491 1517 549 1576 sibi
560 1519 690 1578 invicem
702 1518 816 1593 aliquid
828 1519 916 1577 reddi
926 1520 1037 1578 voluit:

62 1610 192 1662 autnon
209 1602 264 1661 luit
278 1601 476 1674 beneficium,
500 1602 555 1660 sed
571 1602 745 1676 negotiatio.
780 1603 864 1661 Bene
875 1603 1066 1677 navigavitd

64 1686 118 1760 qui
136 1701 227 1758 quem
243 1684 407 1743 destinavit
421 1690 541 1757 portum
556 1685 659 1744 tenuit.
683 1686 732 1744 leli
748 1687 846 1745 iactus
862 1694 963 1746 certae
975 1702 1038 1745 ma-

63 1783 123 1827 nus
146 1767 264 1840 peregit
284 1766 433 1838 cilicium,
455 1766 480 1824 si
496 1766 589 1839 petita
604 1769 765 1842 percussit.
788 1769 971 1830 beneficium
987 1771 1038 1845 qui

65 1852 131 1923 dat,
154 1851 217 1908 tull
240 1846 340 1922 excipi
356 1856 449 1920 grate.
478 1848 570 1908 babet
584 1851 666 1923 quod
681 1851 791 1922 voluit,
813 1853 933 1912 sibene
951 1870 1039 1913 acce·

64 1942 148 2008 ptum
165 1939 220 1992 cst.
259 1931 320 1992 Sed
336 1930 472 2005 speravit
484 1933 676 1991 emolumenti
688 1932 817 2006 aliquid.
840 1951 902 1995 non
914 1936 1038 1997 luithoc

63 2017 260 2089 beneficium,
285 2015 372 2074 cuius
393 2015 549 2088 proprium
571 2022 619 2074 est
638 2015 710 2073 nibil
727 2016 766 2074 de
779 2017 879 2086 reditu
894 2018 1037 2092 cogitare.

65 2100 153 2174 Quod
166 2098 363 2174 accipiebam,
379 2114 416 2158 eo
429 2099 529 2158 enimc
543 2099 657 2173 accepi,
671 2115 731 2173 quo
744 2099 887 2160 dabatur:
907 2101 1067 2166 reddidit

64 2185 197 2259 alioquin
214 2183 350 2258 pessima
365 2183 498 2256 optimae
512 2183 556 2242 rei
571 2184 711 2244 condicio
727 2190 789 2244 est:
811 2192 958 2260 nigratus
970 2186 1035 2260 sim,

63 2268 103 2326 ad
118 2268 266 2327 fortunam
281 2267 390 2327 mittor.
414 2267 441 2325 si
455 2267 506 2326 ille
521 2265 613 2327 invita
623 2269 814 2342 respondere
825 2286 886 2329 non
897 2286 1036 2344 possum,

64 2351 178 2410 sullicit
199 2351 316 2410 animus
341 2351 450 2410 animo.
488 2349 565 2423 Quid
585 2359 679 2426 ergo?
710 2369 794 2434 non,
813 2353 958 2429 quicquid
982 2367 1064 2427 poa

61 2441 164 2504 tuero,
190 2442 219 2493 et
239 2434 346 2492 faciam
364 2442 394 2514 el
413 2434 554 2506 reddam,
578 2442 607 2493 et
620 2443 789 2509 temporum
806 2451 969 2511 rerumque
984 2452 1034 2496 oc-

63 2516 219 2576 casionem
240 2532 352 2590 sequar
373 2524 403 2576 et
422 2519 540 2592 inplere
561 2517 626 2578 eius
648 2520 746 2578 sinum
770 2521 905 2593 cupiam,
934 2536 952 2576 a
973 2535 1034 2592 quo

62 2599 179 2673 aliquid
201 2600 332 2674 accepit
363 2599 426 2660 Sed
446 2602 526 2661 malo
548 2602 616 2663 loco
637 2602 820 2661 beneficium
842 2608 903 2674 est,
927 2600 985 2659 nisi
1006 2607 1036 2659 et

61 2683 203 2742 excussis
218 2683 358 2743 manibus
373 2700 444 2743 esse
460 2691 545 2758 grato
561 2686 639 2746 licet.

123 2767 240 2826 XXXII.
264 2767 341 2841 „Qui
353 2767 486 2841 accepit,
508 2768 621 2843 inquit,
640 2767 837 2842 beneficium,
852 2766 922 2828 licet
934 2767 1061 2838 autmo1

60 2849 280 2924 benignissimo
305 2851 471 2925 acciperet,
500 2852 636 2910 nondum
659 2853 879 2912 consummavit
900 2853 1032 2913 osticium

10 2986 22 2995 .
60 2948 164 3007 suum,
183 2940 279 2993 restat
291 2933 368 2992 enim
383 2950 454 3008 pars
466 2933 624 2993 reddendi.
648 2934 766 2995 sicutin
779 2937 848 2996 lusu
861 2945 908 2997 est
919 2937 1033 3012 aliquid

10 3056 15 3094 ἰ
59 3016 152 3090 pilam
169 3016 295 3076 scileac
311 3018 469 3092 diligenter
484 3018 640 3092 excipere,
663 3019 717 3078 sed
734 3036 794 3080 non
811 3021 918 3082 dicitur
932 3022 1032 3082 bonus

59 3102 160 3173 lusor,
182 3099 243 3159 nisi
259 3101 310 3174 qui
326 3108 397 3175 apte
412 3109 441 3160 et
456 3101 600 3175 expedito
609 3102 725 3163 remisit
738 3121 827 3178 quam
840 3110 1032 3179 acceperat.“

10 3220 16 3259 Ε
58 3183 241 3258 Exemplum
257 3183 317 3242 hoc
332 3185 480 3243 dissimile
495 3193 550 3244 est.
577 3193 693 3259 quare?
715 3189 786 3261 quia
801 3189 890 3249 buius
905 3190 950 3248 rei
965 3192 1060 3250 lausi

10 3318 14 3325 .
57 3269 87 3325 ln
111 3269 250 3342 corporis
272 3277 355 3328 motu
378 3276 424 3327 est
444 3275 473 3326 el
491 3269 519 3326 in
541 3270 686 3344 agilitate,
709 3287 770 3331 non
784 3273 814 3330 iu
831 3274 941 3333 animo.
978 3288 1030 3330 ex-

56 3350 164 3424 plicari
186 3350 289 3425 itaque
305 3358 398 3424 lotum
415 3351 520 3426 debet,
542 3353 580 3411 de
596 3371 656 3428 quo
674 3357 770 3415 oculis
786 3357 949 3426 iudicatur,
973 3371 1029 3413 nec

57 3442 156 3492 tamen
170 3433 239 3493 ideo
252 3451 313 3494 non
326 3435 438 3495 bonum
451 3436 583 3502 lusorem
595 3437 702 3513 dicam,
716 3438 767 3513 qui
780 3441 879 3514 pilam,
896 3448 927 3499 ut
940 3453 1032 3511 opor-

100 3536 284 3576 scaccarium
300 3524 331 3577 ll.
850 3529 867 3581 3
