2364 3840
163 172 226 235 246
451 172 484 230 L.
507 172 653 230 nnllam
669 170 845 231 SENECAE

164 326 299 400 delphini
320 324 432 399 spinis,
455 338 533 396 quas
549 323 643 382 dorso
658 321 825 384 eminentes
840 330 966 397 gerunt,
986 321 1137 382 submersi

164 409 363 468 volnerabant
388 414 417 466 et
442 405 471 464 in
493 407 655 465 adversum
678 406 755 465 enisi
777 406 963 471 dividebant.
995 406 1138 465 rescissis

163 494 223 552 hoc
249 492 341 552 modo
367 489 504 565 pluribus
531 489 624 550 ceteri
648 491 732 548 velut
750 491 816 550 acie
839 506 930 551 versa
952 489 1138 564 refugerunt.

122 578 267 651 15Fugax
292 577 402 634 animal
430 573 553 644 audaci,
580 573 816 633 audacissimum
840 573 956 634 timido.
991 589 1050 633 nec
1071 574 1138 634 illos

163 660 337 737 Tentyritae
367 655 488 732 generis
507 665 558 716 aut
578 657 736 731 sanguinis
766 658 953 732 proprietate
981 663 1137 732 superant,

164 745 219 802 sed
242 747 417 815 contemptu
438 746 468 798 et
481 740 657 800 temeritate.
685 742 763 800 ultro
779 742 858 800 enim
872 742 1079 816 insequuntur
1093 742 1136 801 lu-

163 828 343 902 gientesque
359 825 469 883 iniecto
485 824 605 883 trahunt
624 824 751 897 laqueo:
783 825 903 899 plurimi
924 823 1050 900 quidem
1070 840 1136 899 per·

164 918 249 982 eunt,
272 908 382 980 quibus
403 907 503 966 minus
525 922 673 980 praesens
695 909 814 967 animus
829 908 868 967 ad
887 909 1136 983 persequendum

123 995 155 1048 16
163 994 225 1053 luit.
261 992 360 1051 Nilum
386 991 550 1064 aliqnando
573 992 718 1050 inarinam
737 1008 848 1065 aquam
870 991 1021 1052 detulisse
1040 991 1134 1052 Theo·

161 1076 307 1150 phrastus
330 1083 377 1135 est
397 1081 511 1134 auctor.
549 1074 676 1133 Biennio
699 1077 857 1148 continuo,
885 1082 1034 1157 regnante
1052 1075 1134 1135 Cleo-

162 1168 250 1235 patra
270 1176 330 1220 non
347 1159 564 1230 adscendisse,
585 1159 703 1218 decimo
718 1160 804 1233 regni
821 1173 901 1218 anno
918 1166 948 1219 et
962 1158 1133 1230 undecimo,

162 1251 290 1303 constat.
314 1242 515 1316 significatam
530 1242 613 1301 aiunt
628 1241 749 1301 duobus
764 1259 865 1302 rerum
881 1241 1071 1317 potientibus
1086 1243 1133 1301 de-

162 1328 337 1387 lectionem:
366 1325 489 1386 Antonii
509 1326 588 1385 enim
603 1330 633 1384 et
648 1325 827 1400 Cleopatrae
841 1325 953 1386 defecit
967 1326 1132 1400 imperium.

161 1411 218 1470 Per
243 1426 353 1471 novem
380 1426 478 1468 annos
500 1426 562 1469 non
583 1408 784 1468 adscendisse
803 1407 901 1469 Nilum
923 1408 1132 1483 superioribus

163 1495 276 1554 seculis
292 1492 492 1554 Callimachus
508 1500 556 1551 est
570 1498 684 1552 auctor.

120 1588 152 1642 17
223 1577 285 1637 Sed
306 1591 404 1635 nunc
430 1574 764 1650 adinspiciendas
791 1590 945 1648 causas,
973 1583 1133 1651 propter

162 1677 257 1734 quas
279 1666 430 1719 aestate
446 1659 553 1717 Nilus
571 1666 738 1731 crescat,
760 1658 1053 1720 accedametab
1073 1675 1132 1718 an-

161 1742 398 1817 liquissimis
419 1743 608 1817 incipiam.
646 1745 849 1816 Anaxagoras
868 1742 992 1822 aih-ex
1011 1742 1132 1803 Aethio·

160 1827 229 1901 piae
244 1827 322 1901 iugis
338 1828 454 1887 solutas
469 1826 554 1886 nives
570 1826 609 1886 ad
622 1826 719 1886 Nilum
731 1841 831 1900 usque
846 1826 1019 1885 decurrere.
1042 1825 1073 1885 in
1088 1842 1133 1885 ea·

161 1913 231 1970 dem
253 1910 396 1985 opinione
419 1911 517 1970 omnis
539 1917 676 1970 vetustas
700 1910 763 1969 luit.
795 1909 855 1969 hoc
868 1907 1064 1988 Aeschylus,
1081 1908 1131 1969 So·

161 1994 304 2069 phoeles,
330 1994 493 2068 Euripides
519 1994 649 2053 tradunt.
683 1993 739 2052 sed
764 1993 875 2052 salsum
901 2008 974 2052 esse
998 1993 1131 2067 pluribus

120 2077 345 2150 ldargumentis
358 2084 448 2152 patet.
470 2077 569 2136 Primo
585 2075 778 2151 Aethiopiam
792 2074 1050 2136 ferventissimam
1066 2090 1132 2136 esse

159 2159 273 2219 indicat
295 2160 449 2218 hominum
468 2162 553 2219 color
569 2161 699 2220 adustus
720 2167 750 2218 et
768 2159 992 2237 Troglodytae,
1025 2159 1131 2234 quibus

160 2243 376 2301 subterraneae
403 2243 512 2302 domus
541 2251 620 2303 sunt.
660 2259 736 2304 saxa
757 2245 840 2302 velut
862 2243 925 2317 igni
949 2243 1131 2314 fervescunt

160 2340 221 2384 non
244 2331 359 2384 tantum
386 2324 500 2398 medio,
528 2326 583 2386 sed
609 2327 751 2386 inclinato
778 2340 902 2401 quoque
927 2326 988 2386 die.
1023 2327 1131 2386 ardens

160 2409 260 2483 pulvis
275 2425 331 2468 nec
342 2408 465 2468 humani
477 2410 595 2483 vestigii
607 2410 735 2484 patiens.
747 2416 904 2483 argentum
915 2409 1131 2485 replumbatur.

160 2494 316 2566 signorum
337 2500 516 2567 coagmenta
539 2495 707 2554 solvuntur.
736 2494 851 2553 nullum
867 2494 1013 2554 materiae
1029 2508 1130 2569 supar-

158 2579 324 2637 adornalae
335 2584 436 2636 manet
446 2578 676 2652 operimentum.
699 2583 803 2637 auster
817 2592 957 2652 quoque,
972 2577 1025 2652 qui
1036 2593 1075 2637 cx
1085 2577 1131 2635 illo

158 2669 255 2721 tractu
272 2664 366 2734 venit,
389 2668 498 2720 ventus
514 2661 718 2721 calidissimus
737 2668 794 2720 est.
823 2661 938 2721 nullum
952 2676 993 2720 ex
1007 2661 1057 2721 his
1072 2660 1131 2719 ani·

158 2744 303 2815 malibus,
333 2760 412 2819 quae
429 2746 536 2817 latent,
562 2744 669 2804 bruma
683 2760 826 2819 umquam
842 2744 1022 2806 reconditur
1036 2754 1067 2806 et
1080 2759 1132 2819 per

156 2825 272 2885 hiemes
287 2829 317 2886 in
334 2843 452 2887 summo
465 2835 495 2886 et
509 2835 615 2902 aperto
631 2843 761 2903 serpens
774 2835 830 2887 est.
853 2828 1044 2889 Alexandria
1059 2844 1130 2905 quo·

158 2924 217 2981 que
239 2909 329 2982 longe
350 2911 388 2969 ab
412 2911 573 2972 inmodicis
596 2911 749 2972 caloribus
765 2911 866 2985 posita
882 2919 944 2972 estc
970 2913 1058 2973 nives
1073 2927 1130 2972 non

115 2991 276 3054 ltcadunt.
300 2994 459 3066 superiora
471 2994 574 3068 pluvia
589 3002 703 3054 carent.
726 2995 989 3068 Quemadmodum
1000 3010 1128 3071 ergone·

155 3073 206 3147 gio
224 3075 315 3134 tantis
331 3076 467 3134 subiecta
482 3079 654 3139 fervoribus
674 3079 834 3139 duraturas
855 3095 913 3154 per
927 3085 1022 3140 totam
1035 3085 1129 3140 aesta-

155 3165 215 3216 tem
240 3158 325 3216 nives
348 3160 483 3233 recepit?
504 3178 582 3235 quas
599 3178 674 3222 sane
688 3163 781 3236 aliqui
796 3170 915 3222 montes
930 3163 992 3224 illic
1008 3177 1129 3239 quoque

156 3239 326 3313 excipiant:
347 3243 494 3317 numquid
518 3246 616 3319 magis
637 3262 727 3320 quam
743 3247 854 3320 Alpes,
874 3262 967 3319 quam
985 3246 1128 3307 Thraciae

156 3324 240 3396 iuga,
268 3340 357 3397 quarn
384 3326 563 3386 Caucasus?
591 3329 675 3403 atqui
700 3328 808 3389 horum
832 3329 981 3390 montium
1006 3328 1128 3391 flumina

155 3422 228 3465 vere
251 3415 280 3467 el
300 3408 397 3483 prima
419 3416 533 3470 aestate
556 3411 773 3486 intumescunt,
796 3412 906 3472 deinde
927 3412 1065 3474 hibernis
1076 3413 1115 3471 ini
