2364 3840
116 171 159 235 24
405 172 437 230 L.
458 171 604 232 ANNAEI
627 170 802 231 SENECAE

116 323 279 399 prolessus
297 337 347 394 es,
370 321 448 380 hanc
470 337 633 395 personam
649 321 787 389 induisti:
808 321 929 395 agenda
947 331 1008 383 est.
1046 323 1104 386 ini·

118 406 297 481 quissimum
309 413 355 465 est
367 413 396 464 te
406 404 568 479 pecuniam
580 404 638 463 sub
651 403 749 478 gloria
760 404 906 478 egestatis
918 404 1100 481 adquirere

115 489 328 565 Adspicienda
353 504 426 561 ergo
453 502 514 546 non
541 488 641 546 minus
667 503 724 546 sua
750 488 860 562 cuique
886 503 1030 562 persona
1055 498 1101 552 est

82 591 208 648 aquam
223 574 305 643 eius,
322 572 360 629 de
377 588 437 646 quo
453 571 587 630 iuvando
602 571 669 645 quis
685 571 806 644 cogitat.
833 571 913 631 Volo
927 571 1100 650 Chrysippi

117 657 212 718 nostri
239 656 281 714 uti
307 654 501 714 similitudine
527 655 566 712 de
590 655 669 729 pilae
685 656 769 713 lusu:
791 670 882 729 quam
898 655 1017 716 cadere
1037 674 1099 717 nou

117 749 164 801 est
177 738 301 800 dubium
317 745 369 797 aut
389 739 531 797 mittentis
548 738 620 797 vitio
640 745 692 797 aut
709 737 899 813 excipientis.
936 745 1012 798 tunc
1029 756 1098 800 cur·

117 841 184 884 sum
205 838 295 882 suum
316 829 434 895 servat,
460 823 510 880 ubi
535 823 612 881 inter
638 838 746 881 manus
772 821 932 896 utriusque
957 831 1035 898 apte
1061 823 1098 883 ab

116 914 247 980 utroque
262 912 291 964 et
307 906 416 965 iactata
431 913 460 965 et
474 912 604 979 excepta
619 912 767 965 versatur.
789 919 920 964 necesse
931 913 982 966 est
995 915 1098 967 autem

115 991 202 1048 lusor
217 988 316 1048 bonus
332 990 417 1048 aliter
434 990 514 1048 illam
531 989 686 1049 conlusori
701 988 809 1062 longo,
826 988 912 1048 aliter
928 989 1019 1049 brevi
1031 991 1097 1050 mit·

116 1080 168 1132 tat.
190 1072 304 1131 Eadem
320 1072 461 1132 beneficii
476 1073 551 1133 ratio
564 1081 625 1132 est:
644 1073 702 1131 nisi
718 1073 837 1144 utrique
848 1087 1008 1145 personae
1022 1075 1097 1134 dan-

117 1154 154 1215 tis
171 1163 201 1214 et
215 1157 391 1230 accipientis
407 1163 541 1230 aptatur,
565 1172 622 1215 nec
637 1155 674 1216 ab
691 1156 750 1215 hoc
768 1155 863 1214 exibit
876 1170 934 1214 nec
949 1156 992 1215 ad
1013 1157 1097 1218 illurn

71 1248 102 1302 '4
116 1241 290 1313 perveniet,
313 1248 346 1300 ut
367 1241 467 1299 debet.
501 1239 534 1299 Si
554 1257 624 1299 cum
645 1240 810 1299 exercitato
832 1246 861 1298 et
889 1237 984 1299 docto
1001 1257 1096 1316 nego-
1130 1237 1132 1249 ¹

117 1324 264 1396 tiumest,
289 1325 437 1383 audacius
451 1323 542 1398 pilam
559 1323 721 1383 mittemus.
756 1330 922 1396 utcumque
938 1324 1023 1383 enirn
1046 1343 1096 1384 ve·

116 1409 208 1481 norit,
227 1425 337 1467 manus
349 1408 431 1466 illam
447 1407 591 1480 expedita
606 1413 635 1466 et
650 1407 737 1480 agilis
754 1405 948 1482 repercutiet.
974 1407 1003 1466 si
1025 1424 1096 1470 cum

116 1493 214 1551 tirone
231 1497 260 1550 et
274 1491 417 1559 indocto,
441 1498 577 1549 nontam
596 1490 693 1564 rigide
713 1499 845 1550 nectam
861 1505 1015 1564 excusse,
1041 1493 1098 1552 sed

116 1575 289 1648 languidius
307 1580 336 1631 et
363 1574 392 1631 in
414 1572 513 1646 ipsam
535 1572 601 1632 eius
626 1574 792 1646 dirigentes
814 1589 937 1632 manum
962 1575 1097 1636 remisse

117 1673 323 1718 occurremus.
359 1657 443 1715 ldem
458 1656 630 1716 ludendum
646 1665 693 1717 est
704 1656 733 1715 in
746 1657 920 1716 beneficiis:
939 1660 1096 1730 quosdam

117 1742 284 1800 doceamus
301 1748 330 1799 et
344 1740 418 1799 satis
437 1738 620 1813 iudicemuS,
645 1743 671 1800 si
687 1748 851 1811 conantur,
870 1741 896 1798 si
911 1741 1046 1816 audent,
1070 1742 1096 1803 si

84 1826 230 1886 bvolunt.
259 1825 399 1884 Facimus
415 1831 514 1884 autem
532 1826 710 1900 plerumque
727 1825 864 1899 ingratos
880 1830 910 1882 et
925 1831 958 1883 ut
974 1826 1039 1886 sint
1054 1829 1096 1887 la·

117 1923 237 1980 vemus,
254 1915 408 1984 tamquam
424 1910 465 1970 ita
481 1909 601 1970 demum
616 1925 726 1982 magna
741 1908 802 1967 sint
815 1905 966 1967 beneficia
976 1919 1096 1984 nostra,

116 1992 143 2050 si
169 1993 265 2066 gratia
287 1993 345 2052 illis
371 1992 477 2052 relerri
499 2010 559 2052 non
582 1994 693 2067 potuit=
715 1999 748 2050 ut
771 1989 911 2065 malignis
933 1990 1096 2054 lusoribus

115 2077 308 2150 propositum
324 2084 371 2134 est
385 2078 579 2134 conlusorem
593 2075 767 2146 traducere,
792 2090 861 2134 curn
880 2075 994 2134 damno
1012 2077 1096 2138 scili-

116 2168 163 2218 cet
186 2161 285 2232 ipsius
307 2159 408 2226 lusus,
433 2157 565 2230 quinon
587 2164 702 2231 potest,
727 2155 786 2216 nisi
808 2156 1015 2229 consentitur,
1042 2177 1097 2221 ex-

86 2241 208 2303 6tendi.
241 2240 326 2299 Multi
342 2245 412 2298 sunt
427 2245 486 2298 tarn
502 2255 615 2314 pravae
630 2247 769 2310 naturae,
794 2247 825 2300 ut
840 2240 944 2300 malint
959 2244 1095 2316 perdere

118 2339 197 2399 quae
213 2322 441 2398 praestiterunt,
458 2338 549 2396 quam
565 2322 660 2381 videri
671 2325 846 2398 recepisse,
864 2325 1037 2399 superbiet
1050 2327 1094 2388 in-

116 2415 289 2482 putatores:
313 2415 425 2482 quanto
441 2406 549 2465 melius
565 2414 740 2481 quantoque
762 2407 923 2480 humanius
941 2407 1094 2485 magere,

116 2501 149 2553 ut
163 2493 222 2552 illis
238 2507 363 2568 quoque
379 2498 482 2565 partes
498 2505 573 2548 suae
589 2498 742 2563 constent,
764 2499 794 2549 et
808 2492 928 2564 lavere,
945 2498 978 2552 ut
994 2496 1094 2566 gratia

117 2577 175 2636 sibi
195 2577 302 2637 referri
324 2575 436 2651 possit,
465 2573 595 2646 benigne
622 2573 723 2634 omnia
747 2573 954 2648 interpretari,
976 2578 1093 2649 gratias

116 2669 255 2734 agentem
277 2676 337 2720 non
360 2659 445 2718 aliter
467 2673 558 2729 quarn
580 2656 607 2715 si
621 2659 732 2717 reserat
747 2658 868 2730 audire,
889 2659 1043 2732 praebere
1059 2677 1094 2720 se

117 2744 236 2801 lacilem
259 2742 392 2813 adhoc,
416 2747 447 2799 ut
463 2755 553 2814 quern
575 2739 734 2815 obligavit,
757 2743 846 2801 etiam
860 2742 982 2801 exsolvi
999 2746 1095 2805 veliti

83 2832 100 2887 'l
115 2825 194 2884 llllale
210 2826 315 2884 audire
331 2826 410 2883 solet
425 2826 592 2894 fenerator,
616 2823 643 2883 si
660 2825 770 2884 acerbe
785 2825 892 2899 exigit,
920 2842 1039 2900 aeque,
1067 2827 1095 2889 si

116 2911 146 2968 in
160 2908 336 2982 recipiendo
352 2908 457 2967 tardus
479 2923 515 2966 ac
536 2908 669 2968 difficilis
691 2925 792 2968 moras
816 2908 949 2983 quaeritz
973 2911 1094 2973 benefi-

117 2992 197 3051 cium
211 2999 270 3051 tam
287 2991 495 3064 recipiendum
519 2999 566 3051 est
581 3007 672 3066 quam
694 3009 754 3052 non
773 2992 967 3066 exigendum.
1006 2994 1094 3071 Opti-

116 3090 183 3133 nrus
200 3075 264 3145 ille,
289 3074 341 3149 qui
356 3074 440 3133 dedit
453 3075 554 3148 facile,
577 3091 741 3150 numquam
757 3075 873 3150 exegit,
895 3076 985 3135 reddi
1006 3078 1089 3153 gavi·

91 3225 92 3228 Ἴ
117 3174 170 3217 sus
187 3164 242 3229 est,
257 3157 338 3228 bona
354 3158 414 3216 lide
427 3156 501 3233 quid
515 3159 716 3232 praestltIssct
729 3159 855 3233 oblitus,
874 3160 924 3234 qui
938 3161 1095 3237 accipien-

116 3241 154 3299 tis
169 3241 270 3300 animo
286 3241 410 3313 recepit.

88 3333 100 3384 l
178 3323 284 3382 XVlll.
310 3323 437 3397 Quidam
459 3341 520 3385 non
541 3333 655 3386 tantum
676 3326 749 3384 dant
769 3326 918 3385 beneficia
946 3325 1095 3405 superbe,

117 3408 173 3468 sed
194 3407 284 3468 etiam
304 3407 471 3484 accipiunt,
493 3410 576 3484 quod
597 3424 659 3468 non
683 3417 729 3468 est
744 3409 1009 3469 committendum:
1034 3412 1096 3473 iam
