<?xml version="1.0" encoding="UTF-8"?>
<!DOCTYPE html PUBLIC "-//W3C//DTD XHTML 1.0 Transitional//EN"
    "http://www.w3.org/TR/xhtml1/DTD/xhtml1-transitional.dtd">
<html xmlns="http://www.w3.org/1999/xhtml" xml:lang="en" lang="en">
 <head>
  <title>
</title>
<meta http-equiv="Content-Type" content="text/html;charset=utf-8" />
  <meta name='ocr-system' content='tesseract 3.04.00' />
  <meta name='ocr-capabilities' content='ocr_page ocr_carea ocr_par ocr_line ocrx_word'/>
</head>
<body>
  <div class='ocr_page' id='page_1' title='image "./lannaeisenecaeo01senegoog_0213.png"; bbox 0 0 2364 3840; ppageno 0'>
   <div class='ocr_carea' id='block_1_1' title="bbox 176 203 857 267">
    <p class='ocr_par' dir='ltr' id='par_1_1' title="bbox 176 203 857 267">
     <span class='ocr_line' id='line_1_1' title="bbox 176 203 857 267; baseline -0.003 0"><span class='ocrx_word' id='word_1_1' title='bbox 176 204 236 267; x_wconf 77' lang='lat'>180</span> <span class='ocrx_word' id='word_1_2' title='bbox 458 204 489 263; x_wconf 70' lang='lat' dir='ltr'>l..</span> <span class='ocrx_word' id='word_1_3' title='bbox 513 204 658 262; x_wconf 70' lang='lat' dir='ltr'>namtal</span> <span class='ocrx_word' id='word_1_4' title='bbox 681 203 857 265; x_wconf 72' lang='lat' dir='ltr'>sculcta</span> 
     </span>
    </p>
   </div>
   <div class='ocr_carea' id='block_1_2' title="bbox 139 352 1180 2765">
    <p class='ocr_par' dir='ltr' id='par_1_2' title="bbox 139 352 1180 2765">
     <span class='ocr_line' id='line_1_2' title="bbox 171 352 1142 430; baseline 0 -14"><span class='ocrx_word' id='word_1_5' title='bbox 171 373 224 417; x_wconf 91' lang='lat' dir='ltr'>ore</span> <span class='ocrx_word' id='word_1_6' title='bbox 243 373 300 416; x_wconf 92' lang='lat' dir='ltr'>suo</span> <span class='ocrx_word' id='word_1_7' title='bbox 314 354 528 414; x_wconf 87' lang='lat' dir='ltr'>lancinandum</span> <span class='ocrx_word' id='word_1_8' title='bbox 547 352 657 412; x_wconf 88' lang='lat' dir='ltr'>dixerit</span> <span class='ocrx_word' id='word_1_9' title='bbox 675 354 855 428; x_wconf 78' lang='lat' dir='ltr'>feceritque,</span> <span class='ocrx_word' id='word_1_10' title='bbox 875 369 945 413; x_wconf 88' lang='lat' dir='ltr'>cum</span> <span class='ocrx_word' id='word_1_11' title='bbox 964 355 1007 414; x_wconf 92' lang='lat' dir='ltr'>illi</span> <span class='ocrx_word' id='word_1_12' title='bbox 1026 359 1142 430; x_wconf 90' lang='lat' dir='ltr'>specula</span> 
     </span>
     <span class='ocr_line' id='line_1_3' title="bbox 171 435 1141 513; baseline -0.002 -13"><span class='ocrx_word' id='word_1_13' title='bbox 171 441 209 501; x_wconf 91' lang='lat' dir='ltr'>ab</span> <span class='ocrx_word' id='word_1_14' title='bbox 232 439 315 502; x_wconf 89' lang='lat' dir='ltr'>omni</span> <span class='ocrx_word' id='word_1_15' title='bbox 330 446 414 513; x_wconf 87' lang='lat' dir='ltr'>parte</span> <span class='ocrx_word' id='word_1_16' title='bbox 433 444 676 513; x_wconf 89' lang='lat' dir='ltr'>opponerentur,</span> <span class='ocrx_word' id='word_1_17' title='bbox 698 444 731 495; x_wconf 91' lang='lat' dir='ltr'>ut</span> <span class='ocrx_word' id='word_1_18' title='bbox 746 438 813 511; x_wconf 93' lang='lat' dir='ltr'>ipse</span> <span class='ocrx_word' id='word_1_19' title='bbox 825 435 1012 511; x_wconf 79' lang='lat' dir='ltr'><strong>flagitiorum</strong></span> <span class='ocrx_word' id='word_1_20' title='bbox 1025 455 1141 500; x_wconf 91' lang='lat' dir='ltr'>suorum</span> 
     </span>
     <span class='ocr_line' id='line_1_4' title="bbox 172 523 1140 599; baseline -0.003 -15"><span class='ocrx_word' id='word_1_21' title='bbox 172 531 327 599; x_wconf 90' lang='lat' dir='ltr'>spectator</span> <span class='ocrx_word' id='word_1_22' title='bbox 358 530 441 582; x_wconf 88' lang='lat' dir='ltr'>essct</span> <span class='ocrx_word' id='word_1_23' title='bbox 470 529 501 581; x_wconf 92' lang='lat' dir='ltr'>ct</span> <span class='ocrx_word' id='word_1_24' title='bbox 533 536 612 595; x_wconf 91' lang='lat' dir='ltr'>quae</span> <span class='ocrx_word' id='word_1_25' title='bbox 637 528 756 580; x_wconf 89' lang='lat' dir='ltr'>secreta</span> <span class='ocrx_word' id='word_1_26' title='bbox 782 535 905 595; x_wconf 89' lang='lat' dir='ltr'>quoquc</span> <span class='ocrx_word' id='word_1_27' title='bbox 931 523 1140 583; x_wconf 79' lang='lat' dir='ltr'>conscientiam</span> 
     </span>
     <span class='ocr_line' id='line_1_5' title="bbox 173 604 1139 682; baseline -0.002 -17"><span class='ocrx_word' id='word_1_28' title='bbox 173 618 313 682; x_wconf 92' lang='lat' dir='ltr'>premunt</span> <span class='ocrx_word' id='word_1_29' title='bbox 333 615 362 665; x_wconf 90' lang='lat' dir='ltr'>et</span> <span class='ocrx_word' id='word_1_30' title='bbox 384 621 463 680; x_wconf 89' lang='lat' dir='ltr'>quae</span> <span class='ocrx_word' id='word_1_31' title='bbox 485 605 559 682; x_wconf 82' lang='lat' dir='ltr'>[olii]</span> <span class='ocrx_word' id='word_1_32' title='bbox 585 619 685 678; x_wconf 86' lang='lat' dir='ltr'>aeque</span> <span class='ocrx_word' id='word_1_33' title='bbox 706 619 742 664; x_wconf 89' lang='lat' dir='ltr'>ac</span> <span class='ocrx_word' id='word_1_34' title='bbox 761 604 818 663; x_wconf 91' lang='lat' dir='ltr'>sibi</span> <span class='ocrx_word' id='word_1_35' title='bbox 835 605 969 679; x_wconf 91' lang='lat' dir='ltr'>quisque</span> <span class='ocrx_word' id='word_1_36' title='bbox 985 606 1097 665; x_wconf 85' lang='lat' dir='ltr'>fecisse</span> <span class='ocrx_word' id='word_1_37' title='bbox 1112 621 1139 664; x_wconf 92' lang='lat' dir='ltr'>se</span> 
     </span>
     <span class='ocr_line' id='line_1_6' title="bbox 139 687 1138 765; baseline -0.003 -15"><span class='ocrx_word' id='word_1_38' title='bbox 139 709 156 761; x_wconf 79' lang='lat'>4</span> <span class='ocrx_word' id='word_1_39' title='bbox 172 697 269 765; x_wconf 87' lang='lat' dir='ltr'>negat,</span> <span class='ocrx_word' id='word_1_40' title='bbox 286 706 345 749; x_wconf 92' lang='lat' dir='ltr'>non</span> <span class='ocrx_word' id='word_1_41' title='bbox 361 690 390 747; x_wconf 91' lang='lat' dir='ltr'>iu</span> <span class='ocrx_word' id='word_1_42' title='bbox 407 695 581 760; x_wconf 83' lang='lat' dir='ltr'>astantum,</span> <span class='ocrx_word' id='word_1_43' title='bbox 598 687 697 747; x_wconf 85' lang='lat' dir='ltr'>sedin</span> <span class='ocrx_word' id='word_1_44' title='bbox 713 689 819 749; x_wconf 90' lang='lat' dir='ltr'>oculos</span> <span class='ocrx_word' id='word_1_45' title='bbox 835 703 910 748; x_wconf 92' lang='lat' dir='ltr'>suos</span> <span class='ocrx_word' id='word_1_46' title='bbox 926 688 1087 763; x_wconf 85' lang='lat' dir='ltr'>ingereret.</span> <span class='ocrx_word' id='word_1_47' title='bbox 1107 689 1138 748; x_wconf 82' lang='lat' dir='ltr'>At</span> 
     </span>
     <span class='ocr_line' id='line_1_7' title="bbox 173 769 1180 847; baseline -0.003 -14"><span class='ocrx_word' id='word_1_48' title='bbox 173 775 295 833; x_wconf 85' lang='lat' dir='ltr'>hercule</span> <span class='ocrx_word' id='word_1_49' title='bbox 317 774 436 832; x_wconf 87' lang='lat' dir='ltr'>scelera</span> <span class='ocrx_word' id='word_1_50' title='bbox 450 779 650 845; x_wconf 89' lang='lat' dir='ltr'>conspectum</span> <span class='ocrx_word' id='word_1_51' title='bbox 668 772 714 831; x_wconf 92' lang='lat' dir='ltr'>sui</span> <span class='ocrx_word' id='word_1_52' title='bbox 730 769 937 831; x_wconf 79' lang='lat' dir='ltr'>reformidant.</span> <span class='ocrx_word' id='word_1_53' title='bbox 969 773 1000 830; x_wconf 94' lang='lat' dir='ltr'>in</span> <span class='ocrx_word' id='word_1_54' title='bbox 1023 772 1135 847; x_wconf 91' lang='lat' dir='ltr'>perditis</span> <span class='ocrx_word' id='word_1_55' title='bbox 1178 774 1180 779; x_wconf 86' lang='lat'>&#39;</span> 
     </span>
     <span class='ocr_line' id='line_1_8' title="bbox 173 853 1135 932; baseline -0.003 -15"><span class='ocrx_word' id='word_1_56' title='bbox 173 872 298 932; x_wconf 90' lang='lat' dir='ltr'>quoque</span> <span class='ocrx_word' id='word_1_57' title='bbox 313 863 343 914; x_wconf 90' lang='lat' dir='ltr'>et</span> <span class='ocrx_word' id='word_1_58' title='bbox 357 855 396 913; x_wconf 91' lang='lat' dir='ltr'>ad</span> <span class='ocrx_word' id='word_1_59' title='bbox 412 869 500 913; x_wconf 86' lang='lat' dir='ltr'>outae</span> <span class='ocrx_word' id='word_1_60' title='bbox 515 855 652 914; x_wconf 86' lang='lat' dir='ltr'>dedecus</span> <span class='ocrx_word' id='word_1_61' title='bbox 667 854 817 930; x_wconf 86' lang='lat' dir='ltr'>expositis</span> <span class='ocrx_word' id='word_1_62' title='bbox 832 853 996 914; x_wconf 87' lang='lat' dir='ltr'>tenerrima</span> <span class='ocrx_word' id='word_1_63' title='bbox 1017 865 1064 916; x_wconf 89' lang='lat' dir='ltr'>est</span> <span class='ocrx_word' id='word_1_64' title='bbox 1078 871 1135 916; x_wconf 89' lang='lat' dir='ltr'>ocu·</span> 
     </span>
     <span class='ocr_line' id='line_1_9' title="bbox 173 937 1133 1014; baseline -0.001 -16"><span class='ocrx_word' id='word_1_65' title='bbox 173 944 269 1001; x_wconf 91' lang='lat' dir='ltr'>lorum</span> <span class='ocrx_word' id='word_1_66' title='bbox 285 938 488 998; x_wconf 84' lang='lat' dir='ltr'>verecundia:</span> <span class='ocrx_word' id='word_1_67' title='bbox 518 938 567 996; x_wconf 90' lang='lat' dir='ltr'>ille</span> <span class='ocrx_word' id='word_1_68' title='bbox 586 938 724 1014; x_wconf 89' lang='lat' dir='ltr'>[autem],</span> <span class='ocrx_word' id='word_1_69' title='bbox 740 937 828 1013; x_wconf 90' lang='lat' dir='ltr'>quasi</span> <span class='ocrx_word' id='word_1_70' title='bbox 844 954 951 1012; x_wconf 87' lang='lat' dir='ltr'>parum</span> <span class='ocrx_word' id='word_1_71' title='bbox 968 948 1053 999; x_wconf 89' lang='lat' dir='ltr'>esset</span> <span class='ocrx_word' id='word_1_72' title='bbox 1066 940 1133 998; x_wconf 90' lang='lat' dir='ltr'>inau-</span> 
     </span>
     <span class='ocr_line' id='line_1_10' title="bbox 173 1022 1133 1096; baseline -0.004 -13"><span class='ocrx_word' id='word_1_73' title='bbox 173 1025 234 1083; x_wconf 90' lang='lat' dir='ltr'>dita</span> <span class='ocrx_word' id='word_1_74' title='bbox 255 1031 285 1082; x_wconf 92' lang='lat' dir='ltr'>et</span> <span class='ocrx_word' id='word_1_75' title='bbox 305 1022 459 1096; x_wconf 88' lang='lat' dir='ltr'>incognita</span> <span class='ocrx_word' id='word_1_76' title='bbox 481 1023 556 1096; x_wconf 88' lang='lat' dir='ltr'>pati,</span> <span class='ocrx_word' id='word_1_77' title='bbox 578 1023 685 1081; x_wconf 88' lang='lat' dir='ltr'>oculos</span> <span class='ocrx_word' id='word_1_78' title='bbox 707 1037 782 1082; x_wconf 89' lang='lat' dir='ltr'>suos</span> <span class='ocrx_word' id='word_1_79' title='bbox 798 1022 837 1081; x_wconf 88' lang='lat' dir='ltr'>ad</span> <span class='ocrx_word' id='word_1_80' title='bbox 850 1022 901 1081; x_wconf 91' lang='lat' dir='ltr'>illa</span> <span class='ocrx_word' id='word_1_81' title='bbox 915 1022 1078 1084; x_wconf 86' lang='lat' dir='ltr'>advocavit</span> <span class='ocrx_word' id='word_1_82' title='bbox 1090 1037 1133 1080; x_wconf 92' lang='lat' dir='ltr'>nec</span> 
     </span>
     <span class='ocr_line' id='line_1_11' title="bbox 174 1105 1133 1185; baseline -0.005 -19"><span class='ocrx_word' id='word_1_83' title='bbox 174 1114 317 1181; x_wconf 91' lang='lat' dir='ltr'>quantum</span> <span class='ocrx_word' id='word_1_84' title='bbox 344 1105 492 1180; x_wconf 85' lang='lat' dir='ltr'>peccabat</span> <span class='ocrx_word' id='word_1_85' title='bbox 517 1105 620 1164; x_wconf 90' lang='lat' dir='ltr'>videre</span> <span class='ocrx_word' id='word_1_86' title='bbox 645 1112 821 1178; x_wconf 86' lang='lat' dir='ltr'>contentus,</span> <span class='ocrx_word' id='word_1_87' title='bbox 848 1107 977 1179; x_wconf 86' lang='lat' dir='ltr'>specula</span> <span class='ocrx_word' id='word_1_88' title='bbox 1001 1107 1073 1185; x_wconf 78' lang='lat' dir='ltr'>sibi,</span> <span class='ocrx_word' id='word_1_89' title='bbox 1091 1119 1133 1179; x_wconf 90' lang='lat' dir='ltr'>per</span> 
     </span>
     <span class='ocr_line' id='line_1_12' title="bbox 172 1187 1131 1265; baseline -0.007 -15"><span class='ocrx_word' id='word_1_90' title='bbox 172 1207 251 1265; x_wconf 91' lang='lat' dir='ltr'>quac</span> <span class='ocrx_word' id='word_1_91' title='bbox 273 1190 387 1264; x_wconf 86' lang='lat' dir='ltr'>flagitia</span> <span class='ocrx_word' id='word_1_92' title='bbox 408 1205 465 1250; x_wconf 87' lang='lat' dir='ltr'>sua</span> <span class='ocrx_word' id='word_1_93' title='bbox 486 1187 636 1248; x_wconf 86' lang='lat' dir='ltr'>divideret</span> <span class='ocrx_word' id='word_1_94' title='bbox 657 1189 913 1264; x_wconf 85' lang='lat' dir='ltr'>disponeretque,</span> <span class='ocrx_word' id='word_1_95' title='bbox 939 1187 1131 1250; x_wconf 89' lang='lat' dir='ltr'>circumdedit.</span> 
     </span>
     <span class='ocr_line' id='line_1_13' title="bbox 173 1272 1133 1350; baseline -0.006 -16"><span class='ocrx_word' id='word_1_96' title='bbox 173 1284 201 1335; x_wconf 90' lang='lat' dir='ltr'>et</span> <span class='ocrx_word' id='word_1_97' title='bbox 229 1276 385 1350; x_wconf 90' lang='lat' dir='ltr'>quianon</span> <span class='ocrx_word' id='word_1_98' title='bbox 410 1282 471 1334; x_wconf 90' lang='lat' dir='ltr'>tam</span> <span class='ocrx_word' id='word_1_99' title='bbox 497 1272 655 1346; x_wconf 86' lang='lat' dir='ltr'>diligenter</span> <span class='ocrx_word' id='word_1_100' title='bbox 677 1273 784 1332; x_wconf 88' lang='lat' dir='ltr'>intueri</span> <span class='ocrx_word' id='word_1_101' title='bbox 808 1279 942 1346; x_wconf 88' lang='lat' dir='ltr'>poterat,</span> <span class='ocrx_word' id='word_1_102' title='bbox 969 1289 1038 1333; x_wconf 92' lang='lat' dir='ltr'>cum</span> <span class='ocrx_word' id='word_1_103' title='bbox 1059 1277 1133 1346; x_wconf 89' lang='lat' dir='ltr'>caput</span> 
     </span>
     <span class='ocr_line' id='line_1_14' title="bbox 172 1355 1177 1431; baseline -0.005 -15"><span class='ocrx_word' id='word_1_104' title='bbox 172 1365 319 1417; x_wconf 88' lang='lat' dir='ltr'>merserat</span> <span class='ocrx_word' id='word_1_105' title='bbox 330 1357 567 1431; x_wconf 86' lang='lat' dir='ltr'>inguinibusque</span> <span class='ocrx_word' id='word_1_106' title='bbox 580 1357 686 1415; x_wconf 90' lang='lat' dir='ltr'>alienis</span> <span class='ocrx_word' id='word_1_107' title='bbox 699 1355 890 1428; x_wconf 87' lang='lat' dir='ltr'>obhaeserat,</span> <span class='ocrx_word' id='word_1_108' title='bbox 898 1372 979 1430; x_wconf 88' lang='lat' dir='ltr'>opus</span> <span class='ocrx_word' id='word_1_109' title='bbox 992 1356 1051 1417; x_wconf 91' lang='lat' dir='ltr'>sibi</span> <span class='ocrx_word' id='word_1_110' title='bbox 1061 1370 1131 1416; x_wconf 91' lang='lat' dir='ltr'>suum</span> <span class='ocrx_word' id='word_1_111' title='bbox 1175 1385 1177 1390; x_wconf 83' lang='lat'>.</span> 
     </span>
     <span class='ocr_line' id='line_1_15' title="bbox 141 1437 1131 1516; baseline -0.006 -16"><span class='ocrx_word' id='word_1_112' title='bbox 141 1455 156 1504; x_wconf 83' lang='lat'>5</span> <span class='ocrx_word' id='word_1_113' title='bbox 173 1458 227 1516; x_wconf 91' lang='lat' dir='ltr'>per</span> <span class='ocrx_word' id='word_1_114' title='bbox 243 1439 389 1514; x_wconf 76' lang='lat' dir='ltr'>imagines</span> <span class='ocrx_word' id='word_1_115' title='bbox 405 1439 562 1499; x_wconf 89' lang='lat' dir='ltr'>offerebat.</span> <span class='ocrx_word' id='word_1_116' title='bbox 582 1439 746 1513; x_wconf 87' lang='lat' dir='ltr'>Spectabat</span> <span class='ocrx_word' id='word_1_117' title='bbox 757 1439 836 1498; x_wconf 88' lang='lat' dir='ltr'>illam</span> <span class='ocrx_word' id='word_1_118' title='bbox 849 1439 1005 1499; x_wconf 88' lang='lat' dir='ltr'>libidinem</span> <span class='ocrx_word' id='word_1_119' title='bbox 1020 1441 1078 1500; x_wconf 90' lang='lat' dir='ltr'>oris</span> <span class='ocrx_word' id='word_1_120' title='bbox 1088 1437 1131 1506; x_wconf 90' lang='lat' dir='ltr'>sui,</span> 
     </span>
     <span class='ocr_line' id='line_1_16' title="bbox 173 1521 1132 1599; baseline -0.005 -16"><span class='ocrx_word' id='word_1_121' title='bbox 173 1524 333 1599; x_wconf 85' lang='lat' dir='ltr'>spectabat</span> <span class='ocrx_word' id='word_1_122' title='bbox 346 1522 501 1581; x_wconf 90' lang='lat' dir='ltr'>admissos</span> <span class='ocrx_word' id='word_1_123' title='bbox 516 1521 573 1579; x_wconf 92' lang='lat' dir='ltr'>sibi</span> <span class='ocrx_word' id='word_1_124' title='bbox 593 1523 704 1596; x_wconf 84' lang='lat' dir='ltr'>pariter</span> <span class='ocrx_word' id='word_1_125' title='bbox 719 1523 747 1580; x_wconf 95' lang='lat' dir='ltr'>in</span> <span class='ocrx_word' id='word_1_126' title='bbox 764 1522 867 1583; x_wconf 91' lang='lat' dir='ltr'>omnia</span> <span class='ocrx_word' id='word_1_127' title='bbox 880 1523 976 1582; x_wconf 84' lang='lat' dir='ltr'>viros.</span> <span class='ocrx_word' id='word_1_128' title='bbox 1003 1537 1132 1584; x_wconf 91' lang='lat' dir='ltr'>nonnum-</span> 
     </span>
     <span class='ocr_line' id='line_1_17' title="bbox 174 1604 1133 1681; baseline -0.004 -15"><span class='ocrx_word' id='word_1_129' title='bbox 174 1623 265 1681; x_wconf 85' lang='lat' dir='ltr'>quam</span> <span class='ocrx_word' id='word_1_130' title='bbox 285 1605 362 1664; x_wconf 90' lang='lat' dir='ltr'>inter</span> <span class='ocrx_word' id='word_1_131' title='bbox 386 1620 499 1664; x_wconf 87' lang='lat' dir='ltr'>marem</span> <span class='ocrx_word' id='word_1_132' title='bbox 521 1611 552 1663; x_wconf 92' lang='lat' dir='ltr'>et</span> <span class='ocrx_word' id='word_1_133' title='bbox 572 1604 713 1664; x_wconf 89' lang='lat' dir='ltr'>feminam</span> <span class='ocrx_word' id='word_1_134' title='bbox 736 1605 917 1666; x_wconf 91' lang='lat' dir='ltr'>distributus</span> <span class='ocrx_word' id='word_1_135' title='bbox 939 1614 969 1667; x_wconf 88' lang='lat' dir='ltr'>ct</span> <span class='ocrx_word' id='word_1_136' title='bbox 993 1614 1055 1669; x_wconf 92' lang='lat' dir='ltr'>toto</span> <span class='ocrx_word' id='word_1_137' title='bbox 1079 1620 1133 1664; x_wconf 89' lang='lat' dir='ltr'>cor·</span> 
     </span>
     <span class='ocr_line' id='line_1_18' title="bbox 174 1687 1134 1766; baseline -0.004 -18"><span class='ocrx_word' id='word_1_138' title='bbox 174 1704 250 1764; x_wconf 91' lang='lat' dir='ltr'>pore</span> <span class='ocrx_word' id='word_1_139' title='bbox 279 1687 442 1762; x_wconf 89' lang='lat' dir='ltr'>patientiae</span> <span class='ocrx_word' id='word_1_140' title='bbox 462 1688 621 1763; x_wconf 83' lang='lat' dir='ltr'>expositus</span> <span class='ocrx_word' id='word_1_141' title='bbox 646 1690 805 1763; x_wconf 86' lang='lat' dir='ltr'>spectabat</span> <span class='ocrx_word' id='word_1_142' title='bbox 824 1690 973 1749; x_wconf 85' lang='lat' dir='ltr'>nefanda:</span> <span class='ocrx_word' id='word_1_143' title='bbox 1008 1689 1134 1766; x_wconf 88' lang='lat' dir='ltr'>quidnam</span> 
     </span>
     <span class='ocr_line' id='line_1_19' title="bbox 174 1771 1134 1847; baseline 0 -17"><span class='ocrx_word' id='word_1_144' title='bbox 174 1774 264 1832; x_wconf 88' lang='lat' dir='ltr'>bomo</span> <span class='ocrx_word' id='word_1_145' title='bbox 291 1771 419 1847; x_wconf 89' lang='lat' dir='ltr'>inpurus</span> <span class='ocrx_word' id='word_1_146' title='bbox 444 1773 581 1846; x_wconf 90' lang='lat' dir='ltr'>reliquit,</span> <span class='ocrx_word' id='word_1_147' title='bbox 609 1772 692 1846; x_wconf 91' lang='lat' dir='ltr'>quod</span> <span class='ocrx_word' id='word_1_148' title='bbox 712 1773 742 1833; x_wconf 93' lang='lat' dir='ltr'>in</span> <span class='ocrx_word' id='word_1_149' title='bbox 767 1772 902 1833; x_wconf 84' lang='lat' dir='ltr'>tenebris</span> <span class='ocrx_word' id='word_1_150' title='bbox 924 1772 1058 1834; x_wconf 70' lang='lat' dir='ltr'>faceret?</span> <span class='ocrx_word' id='word_1_151' title='bbox 1084 1788 1134 1832; x_wconf 91' lang='lat' dir='ltr'>non</span> 
     </span>
     <span class='ocr_line' id='line_1_20' title="bbox 174 1856 1180 1932; baseline -0.003 -16"><span class='ocrx_word' id='word_1_152' title='bbox 174 1857 326 1932; x_wconf 83' lang='lat' dir='ltr'>pertimuit</span> <span class='ocrx_word' id='word_1_153' title='bbox 337 1857 426 1931; x_wconf 90' lang='lat' dir='ltr'>diem,</span> <span class='ocrx_word' id='word_1_154' title='bbox 438 1858 495 1915; x_wconf 93' lang='lat' dir='ltr'>sed</span> <span class='ocrx_word' id='word_1_155' title='bbox 506 1856 593 1930; x_wconf 91' lang='lat' dir='ltr'>ipsos</span> <span class='ocrx_word' id='word_1_156' title='bbox 605 1857 785 1917; x_wconf 88' lang='lat' dir='ltr'>concubitus</span> <span class='ocrx_word' id='word_1_157' title='bbox 798 1863 997 1932; x_wconf 89' lang='lat' dir='ltr'>portentosos</span> <span class='ocrx_word' id='word_1_158' title='bbox 1012 1856 1135 1932; x_wconf 82' lang='lat' dir='ltr'>sibiipsa</span> <span class='ocrx_word' id='word_1_159' title='bbox 1178 1878 1180 1883; x_wconf 96' lang='lat'>·</span> 
     </span>
     <span class='ocr_line' id='line_1_21' title="bbox 174 1938 1135 2016; baseline -0.002 -17"><span class='ocrx_word' id='word_1_160' title='bbox 174 1938 322 2012; x_wconf 89' lang='lat' dir='ltr'>ostendit,</span> <span class='ocrx_word' id='word_1_161' title='bbox 349 1941 407 1999; x_wconf 92' lang='lat' dir='ltr'>sibi</span> <span class='ocrx_word' id='word_1_162' title='bbox 428 1941 496 2014; x_wconf 91' lang='lat' dir='ltr'>ipse</span> <span class='ocrx_word' id='word_1_163' title='bbox 517 1940 705 2015; x_wconf 89' lang='lat' dir='ltr'>adprobavit.</span> <span class='ocrx_word' id='word_1_164' title='bbox 736 1956 825 2015; x_wconf 90' lang='lat' dir='ltr'>quem</span> <span class='ocrx_word' id='word_1_165' title='bbox 842 1957 913 2001; x_wconf 93' lang='lat' dir='ltr'>num</span> <span class='ocrx_word' id='word_1_166' title='bbox 930 1948 1020 2016; x_wconf 87' lang='lat' dir='ltr'>putes</span> <span class='ocrx_word' id='word_1_167' title='bbox 1037 1941 1135 2015; x_wconf 85' lang='lat' dir='ltr'>inipso</span> 
     </span>
     <span class='ocr_line' id='line_1_22' title="bbox 141 2023 1136 2099; baseline -0.003 -15"><span class='ocrx_word' id='word_1_168' title='bbox 141 2024 276 2084; x_wconf 78' lang='lat' dir='ltr'>bhabitu</span> <span class='ocrx_word' id='word_1_169' title='bbox 296 2024 378 2098; x_wconf 82' lang='lat' dir='ltr'>pingi</span> <span class='ocrx_word' id='word_1_170' title='bbox 399 2024 556 2083; x_wconf 73' lang='lat' dir='ltr'>voluisset</span> <span class='ocrx_word' id='word_1_171' title='bbox 585 2024 640 2083; x_wconf 87' lang='lat' dir='ltr'>Est</span> <span class='ocrx_word' id='word_1_172' title='bbox 661 2023 764 2099; x_wconf 88' lang='lat' dir='ltr'>aliqua</span> <span class='ocrx_word' id='word_1_173' title='bbox 787 2023 876 2084; x_wconf 89' lang='lat' dir='ltr'>etiam</span> <span class='ocrx_word' id='word_1_174' title='bbox 898 2025 1065 2099; x_wconf 85' lang='lat' dir='ltr'>prostitutis</span> <span class='ocrx_word' id='word_1_175' title='bbox 1084 2039 1136 2082; x_wconf 91' lang='lat' dir='ltr'>mo·</span> 
     </span>
     <span class='ocr_line' id='line_1_23' title="bbox 174 2106 1135 2184; baseline -0.002 -18"><span class='ocrx_word' id='word_1_176' title='bbox 174 2106 272 2167; x_wconf 88' lang='lat' dir='ltr'>destia</span> <span class='ocrx_word' id='word_1_177' title='bbox 284 2112 314 2165; x_wconf 93' lang='lat' dir='ltr'>et</span> <span class='ocrx_word' id='word_1_178' title='bbox 324 2107 375 2164; x_wconf 90' lang='lat' dir='ltr'>illa</span> <span class='ocrx_word' id='word_1_179' title='bbox 391 2122 521 2180; x_wconf 89' lang='lat' dir='ltr'>corpora</span> <span class='ocrx_word' id='word_1_180' title='bbox 534 2106 655 2180; x_wconf 88' lang='lat' dir='ltr'>publico</span> <span class='ocrx_word' id='word_1_181' title='bbox 667 2107 786 2167; x_wconf 87' lang='lat' dir='ltr'>obiecta</span> <span class='ocrx_word' id='word_1_182' title='bbox 800 2107 931 2169; x_wconf 85' lang='lat' dir='ltr'>ludibrio</span> <span class='ocrx_word' id='word_1_183' title='bbox 946 2109 1070 2184; x_wconf 90' lang='lat' dir='ltr'>aliquid,</span> <span class='ocrx_word' id='word_1_184' title='bbox 1087 2121 1135 2182; x_wconf 90' lang='lat' dir='ltr'>quo</span> 
     </span>
     <span class='ocr_line' id='line_1_24' title="bbox 173 2187 1137 2266; baseline 0.002 -19"><span class='ocrx_word' id='word_1_185' title='bbox 173 2189 279 2248; x_wconf 83' lang='lat' dir='ltr'>infelix</span> <span class='ocrx_word' id='word_1_186' title='bbox 296 2187 440 2263; x_wconf 89' lang='lat' dir='ltr'>patientia</span> <span class='ocrx_word' id='word_1_187' title='bbox 457 2191 563 2261; x_wconf 87' lang='lat' dir='ltr'>lateat,</span> <span class='ocrx_word' id='word_1_188' title='bbox 585 2189 766 2250; x_wconf 84' lang='lat' dir='ltr'>obtendunt:</span> <span class='ocrx_word' id='word_1_189' title='bbox 793 2190 871 2250; x_wconf 88' lang='lat' dir='ltr'>adeo</span> <span class='ocrx_word' id='word_1_190' title='bbox 893 2190 924 2249; x_wconf 95' lang='lat' dir='ltr'>in</span> <span class='ocrx_word' id='word_1_191' title='bbox 941 2193 1089 2266; x_wconf 90' lang='lat' dir='ltr'>quaedam</span> <span class='ocrx_word' id='word_1_192' title='bbox 1101 2191 1137 2250; x_wconf 89' lang='lat' dir='ltr'>fu·</span> 
     </span>
     <span class='ocr_line' id='line_1_25' title="bbox 175 2273 1137 2346; baseline 0.005 -17"><span class='ocrx_word' id='word_1_193' title='bbox 175 2287 270 2346; x_wconf 92' lang='lat' dir='ltr'>panar</span> <span class='ocrx_word' id='word_1_194' title='bbox 292 2286 416 2346; x_wconf 86' lang='lat' dir='ltr'>quoquc</span> <span class='ocrx_word' id='word_1_195' title='bbox 439 2273 644 2331; x_wconf 83' lang='lat' dir='ltr'>verecundum</span> <span class='ocrx_word' id='word_1_196' title='bbox 666 2281 726 2332; x_wconf 89' lang='lat' dir='ltr'>est:</span> <span class='ocrx_word' id='word_1_197' title='bbox 760 2281 790 2332; x_wconf 91' lang='lat' dir='ltr'>at</span> <span class='ocrx_word' id='word_1_198' title='bbox 810 2273 882 2334; x_wconf 94' lang='lat' dir='ltr'>illud</span> <span class='ocrx_word' id='word_1_199' title='bbox 905 2284 1074 2336; x_wconf 88' lang='lat' dir='ltr'>monstrum</span> <span class='ocrx_word' id='word_1_200' title='bbox 1095 2275 1137 2335; x_wconf 87' lang='lat' dir='ltr'>ab·</span> 
     </span>
     <span class='ocr_line' id='line_1_26' title="bbox 175 2353 1171 2437; baseline 0.002 -22"><span class='ocrx_word' id='word_1_201' title='bbox 175 2353 372 2415; x_wconf 90' lang='lat' dir='ltr'>scoenitatcm</span> <span class='ocrx_word' id='word_1_202' title='bbox 389 2370 473 2414; x_wconf 92' lang='lat' dir='ltr'>suam</span> <span class='ocrx_word' id='word_1_203' title='bbox 490 2357 697 2429; x_wconf 88' lang='lat' dir='ltr'>spectaculum</span> <span class='ocrx_word' id='word_1_204' title='bbox 719 2358 833 2416; x_wconf 88' lang='lat' dir='ltr'>fecerat</span> <span class='ocrx_word' id='word_1_205' title='bbox 847 2363 877 2416; x_wconf 88' lang='lat' dir='ltr'>et</span> <span class='ocrx_word' id='word_1_206' title='bbox 890 2372 928 2416; x_wconf 90' lang='lat' dir='ltr'>ea</span> <span class='ocrx_word' id='word_1_207' title='bbox 943 2359 1002 2417; x_wconf 91' lang='lat' dir='ltr'>sibi</span> <span class='ocrx_word' id='word_1_208' title='bbox 1019 2365 1137 2419; x_wconf 88' lang='lat' dir='ltr'>ostenta·</span> <span class='ocrx_word' id='word_1_209' title='bbox 1165 2430 1171 2437; x_wconf 19' lang='grc' dir='ltr'>Β</span> 
     </span>
     <span class='ocr_line' id='line_1_27' title="bbox 142 2439 1138 2515; baseline 0.005 -21"><span class='ocrx_word' id='word_1_210' title='bbox 142 2439 239 2510; x_wconf 82' lang='lat' dir='ltr'>ibat,</span> <span class='ocrx_word' id='word_1_211' title='bbox 262 2439 373 2514; x_wconf 90' lang='lat' dir='ltr'>quibus</span> <span class='ocrx_word' id='word_1_212' title='bbox 394 2439 621 2498; x_wconf 89' lang='lat' dir='ltr'>abscondendis</span> <span class='ocrx_word' id='word_1_213' title='bbox 642 2440 725 2499; x_wconf 89' lang='lat' dir='ltr'>nulla</span> <span class='ocrx_word' id='word_1_214' title='bbox 747 2441 895 2502; x_wconf 84' lang='lat' dir='ltr'>satisnfta</span> <span class='ocrx_word' id='word_1_215' title='bbox 909 2457 973 2501; x_wconf 89' lang='lat' dir='ltr'>nox</span> <span class='ocrx_word' id='word_1_216' title='bbox 989 2451 1045 2502; x_wconf 90' lang='lat' dir='ltr'>est.</span> <span class='ocrx_word' id='word_1_217' title='bbox 1078 2440 1138 2515; x_wconf 88' lang='lat' dir='ltr'>„Si-</span> 
     </span>
     <span class='ocr_line' id='line_1_28' title="bbox 173 2522 1140 2597; baseline -0.001 -16"><span class='ocrx_word' id='word_1_218' title='bbox 173 2523 249 2596; x_wconf 91' lang='lat' dir='ltr'>mul,</span> <span class='ocrx_word' id='word_1_219' title='bbox 264 2523 376 2596; x_wconf 90' lang='lat' dir='ltr'>inquit,</span> <span class='ocrx_word' id='word_1_220' title='bbox 391 2528 423 2581; x_wconf 87' lang='lat' dir='ltr'>et</span> <span class='ocrx_word' id='word_1_221' title='bbox 435 2522 533 2581; x_wconf 89' lang='lat' dir='ltr'>virum</span> <span class='ocrx_word' id='word_1_222' title='bbox 549 2531 579 2583; x_wconf 91' lang='lat' dir='ltr'>et</span> <span class='ocrx_word' id='word_1_223' title='bbox 593 2524 733 2582; x_wconf 89' lang='lat' dir='ltr'>feminam</span> <span class='ocrx_word' id='word_1_224' title='bbox 751 2523 862 2597; x_wconf 84' lang='lat' dir='ltr'>patior=</span> <span class='ocrx_word' id='word_1_225' title='bbox 889 2524 1086 2586; x_wconf 89' lang='lat' dir='ltr'>nihilominus</span> <span class='ocrx_word' id='word_1_226' title='bbox 1099 2525 1140 2583; x_wconf 89' lang='lat' dir='ltr'>illa</span> 
     </span>
     <span class='ocr_line' id='line_1_29' title="bbox 174 2605 1139 2682; baseline -0.002 -15"><span class='ocrx_word' id='word_1_227' title='bbox 174 2622 298 2682; x_wconf 90' lang='lat' dir='ltr'>quoquc</span> <span class='ocrx_word' id='word_1_228' title='bbox 317 2622 511 2682; x_wconf 87' lang='lat' dir='ltr'>supervacua</span> <span class='ocrx_word' id='word_1_229' title='bbox 527 2605 599 2667; x_wconf 86' lang='lat' dir='ltr'>milri</span> <span class='ocrx_word' id='word_1_230' title='bbox 614 2614 700 2681; x_wconf 89' lang='lat' dir='ltr'>parte</span> <span class='ocrx_word' id='word_1_231' title='bbox 713 2607 841 2666; x_wconf 88' lang='lat' dir='ltr'>alicuius</span> <span class='ocrx_word' id='word_1_232' title='bbox 858 2608 1075 2669; x_wconf 87' lang='lat' dir='ltr'>contumeliam</span> <span class='ocrx_word' id='word_1_233' title='bbox 1089 2623 1139 2668; x_wconf 88' lang='lat' dir='ltr'>ma·</span> 
     </span>
     <span class='ocr_line' id='line_1_30' title="bbox 172 2686 1139 2765; baseline -0.003 -17"><span class='ocrx_word' id='word_1_234' title='bbox 172 2694 213 2750; x_wconf 84' lang='lat' dir='ltr'>ris</span> <span class='ocrx_word' id='word_1_235' title='bbox 227 2706 367 2750; x_wconf 86' lang='lat' dir='ltr'>exerceo.</span> <span class='ocrx_word' id='word_1_236' title='bbox 396 2689 502 2749; x_wconf 88' lang='lat' dir='ltr'>Omnia</span> <span class='ocrx_word' id='word_1_237' title='bbox 516 2690 651 2749; x_wconf 92' lang='lat' dir='ltr'>membra</span> <span class='ocrx_word' id='word_1_238' title='bbox 667 2690 779 2764; x_wconf 89' lang='lat' dir='ltr'>stupris</span> <span class='ocrx_word' id='word_1_239' title='bbox 796 2698 946 2765; x_wconf 88' lang='lat' dir='ltr'>occupata</span> <span class='ocrx_word' id='word_1_240' title='bbox 962 2699 1049 2754; x_wconf 89' lang='lat' dir='ltr'>suut:</span> <span class='ocrx_word' id='word_1_241' title='bbox 1072 2686 1139 2752; x_wconf 89' lang='lat' dir='ltr'>oculi</span> 
     </span>
    </p>
   </div>
   <div class='ocr_carea' id='block_1_3' title="bbox 172 2853 1140 3018">
    <p class='ocr_par' dir='ltr' id='par_1_3' title="bbox 172 2853 1140 3018">
     <span class='ocr_line' id='line_1_31' title="bbox 172 2853 1140 2934; baseline 0.003 -20"><span class='ocrx_word' id='word_1_242' title='bbox 172 2871 285 2929; x_wconf 87' lang='lat' dir='ltr'>resque</span> <span class='ocrx_word' id='word_1_243' title='bbox 307 2857 380 2914; x_wconf 80' lang='lat' dir='ltr'>sint:</span> <span class='ocrx_word' id='word_1_244' title='bbox 403 2858 490 2916; x_wconf 91' lang='lat' dir='ltr'>etiam</span> <span class='ocrx_word' id='word_1_245' title='bbox 511 2873 562 2930; x_wconf 91' lang='lat' dir='ltr'>ea,</span> <span class='ocrx_word' id='word_1_246' title='bbox 585 2873 665 2932; x_wconf 91' lang='lat' dir='ltr'>quae</span> <span class='ocrx_word' id='word_1_247' title='bbox 685 2864 886 2932; x_wconf 88' lang='lat' dir='ltr'>aconspectu</span> <span class='ocrx_word' id='word_1_248' title='bbox 900 2860 1043 2934; x_wconf 87' lang='lat' dir='ltr'>corporis</span> <span class='ocrx_word' id='word_1_249' title='bbox 1058 2853 1140 2920; x_wconf 89' lang='lat' dir='ltr'>nosui</span> 
     </span>
     <span class='ocr_line' id='line_1_32' title="bbox 174 2938 1139 3018; baseline 0.004 -23"><span class='ocrx_word' id='word_1_250' title='bbox 174 2938 284 3010; x_wconf 90' lang='lat' dir='ltr'>positio</span> <span class='ocrx_word' id='word_1_251' title='bbox 300 2939 466 3012; x_wconf 88' lang='lat' dir='ltr'>submovit,</span> <span class='ocrx_word' id='word_1_252' title='bbox 483 2947 545 2999; x_wconf 87' lang='lat' dir='ltr'>arte</span> <span class='ocrx_word' id='word_1_253' title='bbox 561 2942 705 3013; x_wconf 89' lang='lat' dir='ltr'>visantur,</span> <span class='ocrx_word' id='word_1_254' title='bbox 721 2957 760 3001; x_wconf 92' lang='lat' dir='ltr'>ne</span> <span class='ocrx_word' id='word_1_255' title='bbox 776 2942 845 3016; x_wconf 91' lang='lat' dir='ltr'>quis</span> <span class='ocrx_word' id='word_1_256' title='bbox 859 2957 909 3001; x_wconf 85' lang='lat' dir='ltr'>mc</span> <span class='ocrx_word' id='word_1_257' title='bbox 923 2948 1010 3018; x_wconf 85' lang='lat' dir='ltr'>putet</span> <span class='ocrx_word' id='word_1_258' title='bbox 1024 2942 1139 3011; x_wconf 83' lang='lat' dir='ltr'>nescire,</span> 
     </span>
    </p>
   </div>
   <div class='ocr_carea' id='block_1_4' title="bbox 173 3104 1177 3520">
    <p class='ocr_par' dir='ltr' id='par_1_4' title="bbox 173 3104 1177 3520">
     <span class='ocr_line' id='line_1_33' title="bbox 175 3104 1138 3183; baseline 0.005 -21"><span class='ocrx_word' id='word_1_259' title='bbox 175 3104 298 3163; x_wconf 89' lang='lat' dir='ltr'>nisteria</span> <span class='ocrx_word' id='word_1_260' title='bbox 311 3110 372 3162; x_wconf 88' lang='lat' dir='ltr'>tam</span> <span class='ocrx_word' id='word_1_261' title='bbox 388 3105 519 3178; x_wconf 84' lang='lat' dir='ltr'>maligna</span> <span class='ocrx_word' id='word_1_262' title='bbox 534 3107 631 3181; x_wconf 87' lang='lat' dir='ltr'>dedit,</span> <span class='ocrx_word' id='word_1_263' title='bbox 648 3108 732 3183; x_wconf 91' lang='lat' dir='ltr'>quod</span> <span class='ocrx_word' id='word_1_264' title='bbox 747 3108 874 3168; x_wconf 90' lang='lat' dir='ltr'>aliorum</span> <span class='ocrx_word' id='word_1_265' title='bbox 887 3110 1064 3171; x_wconf 90' lang='lat' dir='ltr'>animalium</span> <span class='ocrx_word' id='word_1_266' title='bbox 1080 3124 1138 3171; x_wconf 88' lang='lat' dir='ltr'>con-</span> 
     </span>
     <span class='ocr_line' id='line_1_34' title="bbox 174 3185 1137 3266; baseline 0.003 -21"><span class='ocrx_word' id='word_1_267' title='bbox 174 3185 292 3246; x_wconf 92' lang='lat' dir='ltr'>cubitus</span> <span class='ocrx_word' id='word_1_268' title='bbox 302 3187 410 3245; x_wconf 91' lang='lat' dir='ltr'>melius</span> <span class='ocrx_word' id='word_1_269' title='bbox 423 3187 578 3250; x_wconf 85' lang='lat' dir='ltr'>instruxit:</span> <span class='ocrx_word' id='word_1_270' title='bbox 601 3191 762 3264; x_wconf 88' lang='lat' dir='ltr'>inveniam,</span> <span class='ocrx_word' id='word_1_271' title='bbox 776 3193 1035 3266; x_wconf 88' lang='lat' dir='ltr'>quemadmodum</span> <span class='ocrx_word' id='word_1_272' title='bbox 1047 3192 1137 3254; x_wconf 88' lang='lat' dir='ltr'>morbo</span> 
     </span>
     <span class='ocr_line' id='line_1_35' title="bbox 173 3268 1136 3351; baseline 0.011 -23"><span class='ocrx_word' id='word_1_273' title='bbox 173 3285 242 3328; x_wconf 88' lang='lat' dir='ltr'>meo</span> <span class='ocrx_word' id='word_1_274' title='bbox 264 3277 294 3328; x_wconf 92' lang='lat' dir='ltr'>et</span> <span class='ocrx_word' id='word_1_275' title='bbox 302 3268 451 3344; x_wconf 57' lang='lat' dir='ltr'>‚inponam</span> <span class='ocrx_word' id='word_1_276' title='bbox 467 3278 497 3330; x_wconf 90' lang='lat' dir='ltr'>et</span> <span class='ocrx_word' id='word_1_277' title='bbox 511 3274 705 3334; x_wconf 88' lang='lat' dir='ltr'>satisfaciam.</span> <span class='ocrx_word' id='word_1_278' title='bbox 730 3291 790 3348; x_wconf 90' lang='lat' dir='ltr'>quo</span> <span class='ocrx_word' id='word_1_279' title='bbox 807 3277 974 3351; x_wconf 89' lang='lat' dir='ltr'>nequitiam</span> <span class='ocrx_word' id='word_1_280' title='bbox 989 3294 1101 3350; x_wconf 87' lang='lat' dir='ltr'>meam,</span> <span class='ocrx_word' id='word_1_281' title='bbox 1118 3271 1136 3332; x_wconf 75' lang='lat' dir='ltr'>si</span> 
     </span>
     <span class='ocr_line' id='line_1_36' title="bbox 174 3353 1177 3433; baseline 0.008 -23"><span class='ocrx_word' id='word_1_282' title='bbox 174 3353 210 3410; x_wconf 89' lang='lat' dir='ltr'>ad</span> <span class='ocrx_word' id='word_1_283' title='bbox 229 3361 353 3412; x_wconf 84' lang='lat' dir='ltr'>naturae</span> <span class='ocrx_word' id='word_1_284' title='bbox 369 3356 491 3413; x_wconf 89' lang='lat' dir='ltr'>modum</span> <span class='ocrx_word' id='word_1_285' title='bbox 508 3364 625 3429; x_wconf 71' lang='lat' dir='ltr'>pecco?</span> <span class='ocrx_word' id='word_1_286' title='bbox 653 3359 684 3416; x_wconf 91' lang='lat' dir='ltr'>id</span> <span class='ocrx_word' id='word_1_287' title='bbox 700 3374 796 3432; x_wconf 84' lang='lat' dir='ltr'>genus</span> <span class='ocrx_word' id='word_1_288' title='bbox 813 3353 1127 3433; x_wconf 79' lang='lat' dir='ltr'>speculorum&#39;circun</span> <span class='ocrx_word' id='word_1_289' title='bbox 1174 3380 1177 3385; x_wconf 51' lang='lat'>&gt;</span> 
     </span>
     <span class='ocr_line' id='line_1_37' title="bbox 174 3436 1176 3520; baseline 0.012 -27"><span class='ocrx_word' id='word_1_290' title='bbox 174 3453 284 3512; x_wconf 85' lang='lat' dir='ltr'>ponam</span> <span class='ocrx_word' id='word_1_291' title='bbox 304 3438 389 3510; x_wconf 89' lang='lat' dir='ltr'>milri,</span> <span class='ocrx_word' id='word_1_292' title='bbox 407 3440 490 3512; x_wconf 92' lang='lat' dir='ltr'>quod</span> <span class='ocrx_word' id='word_1_293' title='bbox 503 3440 671 3499; x_wconf 91' lang='lat' dir='ltr'>incredibili</span> <span class='ocrx_word' id='word_1_294' title='bbox 688 3443 892 3516; x_wconf 91' lang='lat' dir='ltr'>magnitudine</span> <span class='ocrx_word' id='word_1_295' title='bbox 907 3444 1070 3520; x_wconf 82' lang='lat' dir='ltr'>imaginem</span> <span class='ocrx_word' id='word_1_296' title='bbox 1082 3439 1131 3504; x_wconf 79' lang='lat' dir='ltr'>red</span> <span class='ocrx_word' id='word_1_297' title='bbox 1173 3436 1176 3441; x_wconf 70' lang='grc'><strong>’</strong></span> 
     </span>
    </p>
   </div>
   <div class='ocr_carea' id='block_1_5' title="bbox 0 0 1186 3840">
    <p class='ocr_par' dir='ltr' id='par_1_5' title="bbox 0 0 1186 3840">
     <span class='ocr_line' id='line_1_38' title="bbox 0 0 1186 3840; baseline 0 0"><span class='ocrx_word' id='word_1_298' title='bbox 0 0 1186 3840; x_wconf 95' lang='lat' dir='ltr'> </span> 
     </span>
    </p>
   </div>
   <div class='ocr_carea' id='block_1_6' title="bbox 1180 786 1182 1787">
    <p class='ocr_par' dir='ltr' id='par_1_6' title="bbox 1180 786 1182 1787">
     <span class='ocr_line' id='line_1_39' title="bbox 1180 786 1182 1787; baseline 0 0"><span class='ocrx_word' id='word_1_299' title='bbox 1180 786 1182 1787; x_wconf 95' lang='lat' dir='ltr'> </span> 
     </span>
    </p>
   </div>
  </div>
 </body>
</html>
