2364 3840
161 156 222 219 288
453 156 483 214 L.
508 154 653 213 rth'h'nlzl
676 152 851 213 SENECAE

126 318 143 367 2
158 310 302 385 piodotus
326 307 428 375 tradit,
451 322 519 365 cnm
541 313 659 379 petrae
675 305 767 363 latere
782 302 893 363 montis
912 302 1045 377 abrupta
1060 302 1137 363 ceci·

158 394 269 466 disset,
300 392 440 450 aedificia
463 390 561 448 vicina
583 398 712 447 tremore
733 388 883 461 conlapsa
905 390 1011 459 [sunl].
1053 387 1137 445 Idem

158 478 216 537 sub
240 477 327 535 terris
347 474 411 533 lieri
436 480 550 548 potest,
576 478 608 530 at
628 488 667 530 cx
688 470 751 539 his,
776 486 854 545 quae
874 470 1059 545 inpendent,
1088 487 1135 530 ru·

160 562 249 634 pibus
270 559 372 632 aliqua
393 559 526 617 resoluta
548 571 658 629 niagno
679 554 817 629 pondere
826 569 874 627 ‚ac
894 570 973 614 sono
989 554 1018 613 in
1035 554 1135 614 subia-

159 651 276 703 centem
302 657 462 700 cavernam
485 640 574 698 cadat
595 655 631 697 co
654 637 878 710 vehementiuS,
908 640 1046 713 quo‘aut
1067 638 1134 711 plus

160 724 305 801 nortdcris
321 725 402 783 venit
416 730 468 783 aut
481 724 586 794 altiuS,
608 732 638 781 et
652 723 697 781 sic
712 728 910 781 commovetur
922 736 1014 781 omne
1027 730 1135 781 tectum

128 818 284 872 tlcaratae
307 807 403 866 rallis.
444 807 506 865 Nec
527 813 626 864 tamen
648 804 785 880 pondere
808 819 865 864 suo
891 804 1035 866 abscindi
1061 821 1135 865 saxa

159 892 303 951 credibile
325 899 385 962 cst,
409 890 465 948 scd
487 905 555 948 cum
575 888 699 949 flumina
714 904 809 961 supra
823 889 967 959 ferantur,
986 888 1132 949 adsiduus

158 978 266 1035 humor
286 975 504 1033 commissuras
525 973 636 1047 lapidis
657 979 801 1031 extenuat
820 980 851 1031 et
872 972 985 1032 cotidie
1005 972 1069 1045 his,
1096 972 1132 1030 ad

159 1075 238 1133 quac
254 1056 399 1131 religatus
416 1066 478 1129 cst,
500 1058 599 1116 aufert
615 1064 644 1115 et
665 1055 761 1127 illam,
783 1062 815 1115 ut
833 1056 873 1115 ita
887 1054 1003 1127 dicam,
1027 1062 1131 1125 cutem,

159 1160 220 1217 qua
235 1143 414 1211 continetur,
431 1141 558 1199 abradit.
583 1140 694 1199 deinde
709 1140 801 1213 longa
816 1154 872 1213 per
885 1154 995 1199 aevum
1008 1140 1131 1198 diminu-

159 1227 199 1286 tio
222 1241 323 1300 usque
344 1242 381 1284 co
404 1226 533 1283 infirmat
554 1223 619 1296 illa,
643 1237 722 1296 quac
746 1222 857 1282 cotidie
873 1222 1012 1295 adtrivit,
1037 1228 1069 1282 ut
1083 1224 1131 1281 de

128 1312 257 1374 asinam
278 1325 348 1367 csso
370 1307 454 1367 oncri
476 1308 617 1366 ferendo:
647 1313 719 1366 tanc
733 1322 811 1365 saxa
827 1307 903 1366 vasti
918 1307 1067 1380 ponderis
1083 1306 1131 1365 de-

159 1395 275 1464 cidant,
300 1400 369 1450 tunc
391 1392 440 1450 illa
461 1391 660 1467 praecipitata
680 1406 773 1464 rupes
790 1388 936 1464 quicquid
957 1390 997 1449 ab
1013 1390 1073 1451 imo
1088 1405 1131 1449 re-

158 1476 312 1551 percussit
327 1492 386 1535 non
402 1489 532 1548 passura
549 1474 719 1533 consistere

242 1576 308 1620 cerm
321 1562 416 1618 sonitu
429 1560 506 1615 venit
517 1564 546 1617 et
559 1575 649 1617 ruere
662 1560 760 1617 omrrr'a
774 1559 837 1615 oisc
852 1564 981 1631 repente,

158 1654 189 1702 nt
204 1644 244 1701 ait
260 1642 413 1714 Vergilius
429 1648 542 1699 noster.

131 1736 145 1785 1
221 1725 324 1784 ΧΧΙΙΙ.
344 1725 464 1785 liuius
482 1732 604 1784 motus
620 1722 1031 1785 succutienlisterras
1047 1724 1132 1783 haec

159 1810 232 1868 crit
254 1825 380 1869 causa.
413 1808 458 1867 ad
480 1810 640 1867 alteram
664 1814 833 1866 transeo.
868 1807 1131 1867 Raraterraena·

158 1902 225 1953 tura
241 1901 289 1955 est
309 1894 495 1967 multumque
510 1890 627 1950 habens
644 1890 746 1950 vacui:
772 1906 826 1963 per
840 1889 896 1949 has
912 1890 1054 1953 raritates
1072 1892 1131 1967 spi-

157 1978 232 2037 ritus
249 1978 350 2047 fertur,
373 1976 438 2051 qui,
457 1974 509 2035 ubi
524 1974 620 2033 maior
632 1972 751 2033 influxit
764 1989 821 2032 nec
833 1974 986 2049 emittitur,
1002 1976 1131 2035 concutit

129 2068 275 2122 uternam.
313 2060 396 2118 Haec
413 2061 512 2133 placet
527 2066 557 2117 el
572 2057 654 2129 aliis,
671 2065 703 2117 ul
718 2059 809 2131 paulo
825 2064 894 2117 aute
908 2058 1014 2131 retuli,
1031 2075 1129 2131 causa,

158 2142 184 2201 si
201 2142 274 2216 quid
296 2143 378 2215 capud
395 2148 423 2199 tc
440 2142 612 2215 profectura
627 2142 748 2200 testium
763 2140 852 2202 turba
865 2148 929 2202 est:
950 2139 1032 2202 hanc
1045 2142 1129 2203 eliam

158 2225 357 2283 Callisthenes
377 2224 500 2297 probat,
523 2240 585 2282 non
607 2232 799 2298 contemptus
821 2224 877 2282 vir.
903 2224 975 2299 (fuit
995 2226 1077 2286 enim
1092 2225 1129 2285 illi

158 2308 259 2368 nobile
282 2308 434 2381 ingenium
456 2314 486 2366 ct
514 2306 668 2367 furibundi
693 2308 775 2382 regis
801 2306 974 2382 inpatiens:
1011 2308 1062 2369 hic
1088 2316 1129 2369 est

157 2392 324 2451 Alexandri
346 2391 457 2451 crimen
484 2397 656 2465 aeternum,
686 2392 769 2467 quod
796 2392 879 2451 nulla
904 2392 1022 2465 virtus,
1053 2393 1128 2454 nulla

126 2477 301 2540 ebellorum
327 2475 454 2535 felicitas
480 2475 616 2534 redimet.
649 2492 718 2534 nam
745 2474 887 2549 quotiens
910 2476 981 2549 quis
1007 2474 1127 2537 dixerit:

156 2561 289 2634 „occidit
312 2559 473 2618 Persarum
502 2560 595 2616 inulta
616 2558 736 2617 milia“=
764 2566 947 2633 opponetur.
975 2568 1028 2635 „et
1048 2559 1126 2619 Calli-

156 2645 325 2702 stlrcnem.“
348 2643 489 2716 quotiens
504 2642 615 2701 dictum
628 2642 696 2701 crit:
718 2640 1013 2719 „occiditllereum
1037 2658 1126 2720 penes

157 2742 248 2800 quem
264 2734 326 2785 tum
342 2726 504 2785 maximum
519 2741 646 2799 regnum
662 2730 761 2785 erat“=
782 2733 972 2801 opponetur:
1000 2735 1055 2801 „el
1068 2728 1125 2787 cal·

157 2810 347 2869 listlrenem.“
375 2810 516 2883 quotiens
538 2808 648 2869 dictum
671 2809 740 2868 erit:
766 2810 888 2882 „omnia
909 2825 1030 2872 oceano
1045 2819 1126 2873 tenus

155 2893 241 2964 uicit,
269 2892 370 2966 ipsum
392 2908 516 2966 quoquc
538 2893 693 2967 temptavit
713 2890 802 2952 novis
821 2891 977 2955 classibus
992 2901 1025 2957 et
1038 2894 1125 2971 impe

155 2977 231 3033 rium
247 2991 286 3033 ex
301 2978 412 3048 angulo
428 2976 574 3035 Thraciae
589 2992 689 3050 usque
704 2976 743 3036 ad
759 2974 889 3036 Orientis
903 2978 1052 3040 terminos
1062 2993 1126 3054 pro·

156 3060 255 3118 tulit“:
280 3058 412 3117 dicetur:
440 3061 515 3132 „sed
536 3060 746 3120 Callisthenem
762 3060 904 3120 occidit.“
934 3060 1127 3123 -Omnielicet

156 3143 279 3216 antiqua
290 3141 402 3201 ducum
417 3158 584 3216 regumque
597 3145 736 3218 exempla
749 3142 908 3219 transierit,
924 3160 965 3205 ex
976 3144 1037 3221 lus,
1053 3158 1126 3222 quae

125 3226 239 3298 eiecit,
269 3226 341 3284 nihil
362 3232 422 3285 tam
442 3241 584 3299 magnum
607 3228 662 3288 erit
683 3243 772 3301 quam
793 3229 895 3289 scelus
917 3227 1004 3301 hoc.)
1045 3228 1125 3291 calli-

155 3309 279 3369 sthenes
294 3307 437 3381 inlibris,
458 3307 568 3382 quibus
582 3310 739 3383 describit,
756 3312 1018 3388 quemadmodum
1028 3313 1127 3375 Helice
1167 3292 1176 3353 l

154 3394 305 3469 [terrisque
326 3407 444 3451 mersae
466 3401 550 3465 sunt,
579 3395 647 3469 quis
671 3393 738 3455 illas
760 3411 851 3457 casus
872 3395 903 3454 in
924 3412 1011 3459 mare
1031 3398 1080 3457 vel
1099 3396 1127 3456 iu
