2346 3832
128 167 189 230 140
414 166 448 225 L.
469 166 615 225 ANNAEI
637 166 811 226 SENECAE

95 320 270 395 5serviunt.
312 318 396 376 lllam
417 319 541 377 alteram
563 317 795 391 possessionem
810 315 994 394 adgnoscet,
1020 320 1102 381 hanc

122 405 205 462 nolet
225 402 353 474 habere,
376 401 403 459 si
424 403 542 475 poterit.
576 402 740 474 emittitque
762 402 841 460 illam
859 417 982 476 vocem,
1006 421 1100 479 quam

122 489 278 546 Romanus
300 486 464 558 imperator
485 485 598 556 emisit,
624 501 692 544 cum
706 485 748 543 illi
764 485 803 546 ob
820 484 959 544 virtutem
974 495 1005 547 et
1020 487 1101 548 bene

122 577 239 644 gestam
254 569 471 642 rempublicam
489 575 603 627 tantum
619 569 683 642 agri
698 569 929 642 decerneretur,
952 579 1101 644 quantum

122 655 238 713 arando
258 669 320 711 uno
342 652 391 709 dic
412 652 540 711 circuire
563 653 728 725 potuisset:
752 669 811 712 non
826 658 969 727 opusest,
992 654 1099 728 inquit,

121 741 199 798 vobis
219 755 252 797 eo
271 740 348 805 cive,
369 738 419 794 cui
433 739 502 809 plus
522 753 595 809 opus
614 740 665 808 stt,
688 753 777 809 quam
797 740 852 795 uni
869 740 936 796 ciui
978 737 1099 811 Quanto

122 821 245 879 maioris
266 819 321 876 viri
339 826 427 891 putas
444 818 604 892 respuisse
620 820 679 878 hoc
693 836 803 878 munus
819 836 910 893 quam
927 823 1101 882 meruisset

120 904 204 962 multi
220 903 299 960 enim
314 901 393 960 fines
409 901 476 960 aliis
491 903 695 976 abstulerunt,
712 903 770 961 sibi
784 919 873 961 nemo
890 903 1056 965 constituit.

94 1001 107 1050 l
182 986 261 1043 Vlll.
286 985 366 1059 Ergo
383 1002 451 1044 cum
468 986 598 1044 animum
613 986 759 1060 sapientis
776 986 928 1046 intuemur
942 995 1099 1061 potentem

121 1069 254 1128 omnium
275 1076 306 1128 et
326 1087 380 1144 per
401 1071 544 1128 universa
559 1070 732 1141 dimissum,
756 1069 858 1129 omnia
871 1071 950 1130 illius
967 1087 1040 1131 esse
1054 1074 1098 1132 di·

121 1154 231 1226 cimus,
256 1170 323 1212 cum
345 1161 442 1214 autem
463 1153 521 1212 hoc
537 1155 584 1212 ius
600 1152 799 1226 cotidianum,
823 1155 850 1212 si
865 1155 906 1213 ita
920 1170 971 1214 res
987 1157 1096 1229 tulerit,

120 1240 219 1313 capite
232 1238 414 1298 censebitur.
448 1238 573 1295 Multum
585 1237 723 1309 interest,
739 1239 901 1310 possessio
914 1239 981 1297 cius
995 1239 1095 1300 animo

119 1337 155 1380 ac
178 1323 384 1396 magnitudine
402 1322 576 1379 aestimetur
589 1336 626 1378 an
644 1336 748 1379 censu.
784 1321 868 1379 Haec
883 1322 1030 1382 universa
1043 1323 1096 1382 ha-

90 1404 207 1477 ubere,
231 1405 404 1479 dequibus
429 1404 579 1476 loqueriS,
603 1404 835 1463 abominabitur.
876 1405 944 1463 Non
965 1408 1096 1466 referam

118 1489 171 1546 libi
188 1490 359 1559 Socratem,
379 1487 598 1562 Chrysippum,
619 1487 773 1547 Zenonem
786 1494 816 1546 et
831 1494 949 1547 ceteros
965 1505 1095 1564 magnos

120 1573 243 1645 quidem
259 1572 357 1641 viros,
380 1571 510 1628 maiores
526 1571 662 1643 quidem,
685 1571 757 1645 quia
777 1571 807 1628 in
822 1572 944 1630 laudem
958 1581 1094 1634 vetusto-

118 1672 184 1712 rum
206 1654 320 1713 invidia
340 1670 401 1711 non
422 1655 532 1712 obstat.
573 1653 666 1712 Paulo
694 1662 764 1713 ante
789 1654 972 1714 Demetrium
996 1659 1094 1729 retuli,

119 1755 209 1812 quem
231 1737 302 1796 mihi
323 1735 442 1796 videtur
463 1753 563 1796 rerum
578 1745 685 1797 natura
700 1738 812 1796 nostris
827 1737 935 1797 tulisse
950 1743 1093 1814 tempori-

118 1822 192 1896 bus,
213 1830 247 1882 ul
266 1823 441 1881 ostenderet
462 1837 519 1881 nec
539 1822 620 1880 illum
642 1838 660 1879 a
681 1821 769 1881 nobis
792 1821 945 1896 eorrumpi
961 1839 1020 1882 nec
1035 1840 1093 1884 nos

118 1907 156 1965 ab
180 1907 229 1968 illo
253 1906 364 1980 corrigi
385 1922 495 1981 posse=
521 1907 617 1964 virum
639 1913 778 1977 exactae,
803 1904 874 1963 licet
899 1914 990 1979 neget
1014 1908 1092 1981 ipse,

119 1993 288 2066 sapientiae
302 1992 469 2063 firmaeque
485 1990 514 2047 iu
530 1989 592 2062 his,
609 2004 688 2062 quac
701 1989 875 2062 proposuit,
891 1991 1092 2064 constantiae,

118 2077 311 2150 eloquentiae
333 2089 406 2130 vero
424 2075 503 2142 eius
527 2088 670 2145 quaeres
687 2073 867 2131 fortissimas
884 2073 1008 2146 deceat,
1030 2090 1092 2133 non

119 2158 318 2217 concinnatae
339 2169 395 2211 nee
417 2155 448 2210 in
469 2154 563 2211 verba
586 2155 749 2228 sollicitae,
772 2155 829 2214 sed
849 2153 965 2228 ingenti
979 2157 1091 2231 animo,

87 2245 207 2312 3prout
221 2240 341 2309 inpetus
356 2236 434 2307 tulit,
449 2251 500 2293 res
516 2252 589 2295 suas
606 2239 829 2312 prosequentis.
864 2237 942 2297 Huic
957 2256 1019 2298 non
1037 2242 1091 2300 du-

115 2323 193 2391 bito,
216 2320 287 2393 quin
304 2317 496 2391 providentia
511 2326 541 2377 et
555 2322 643 2378 talem
660 2322 751 2380 vitam
768 2328 798 2380 et
812 2324 901 2380 talem
912 2322 1035 2382 dicendi
1049 2325 1061 2382 l
1077 2315 1103 2365 ·'

116 2406 256 2463 cultatem
268 2401 398 2474 dederit,
418 2417 456 2459 ne
469 2410 520 2461 aut
530 2403 703 2477 exemplum
716 2407 821 2464 seculo
834 2413 939 2465 nostro
954 2414 1006 2466 aut
1019 2422 1090 2467 con-

116 2488 226 2545 vicium
247 2486 380 2544 deesset.
415 2485 566 2545 Demetrio
592 2489 617 2545 si
631 2503 682 2546 res
697 2498 818 2547 nostras
834 2488 945 2562 aliquis
962 2491 1090 2549 deorum

113 2569 321 2645 possidendas
334 2570 406 2629 velit
416 2571 536 2628 tradere
548 2571 606 2629 sub
619 2572 686 2644 lege
698 2578 794 2642 certa,
811 2587 850 2630 ne
862 2573 953 2632 liceat
965 2574 1089 2646 donare,

114 2655 337 2713 adfirmaverim
352 2654 581 2728 repudiaturum
596 2654 799 2714 dicturumve:

86 2748 99 2796 1
174 2737 222 2797 lX2
246 2738 334 2810 „Ego
352 2754 423 2797 vero
441 2755 488 2796 me
503 2738 543 2796 ad
556 2738 636 2798 istud
657 2739 863 2798 inextricabile
884 2739 1008 2813 pondus
1029 2757 1089 2800 non

112 2822 212 2895 adligo
235 2836 291 2878 nec
312 2821 342 2877 in
364 2823 453 2880 altam
474 2822 570 2880 secem
591 2838 691 2881 rerum
707 2822 786 2881 hunc
802 2823 979 2897 expeditum
993 2823 1089 2885 homi·

112 2922 181 2966 nem
209 2902 342 2962 demitto.
378 2904 455 2977 Quid
480 2905 591 2965 adme
617 2905 719 2964 delers
745 2905 929 2978 populorum
955 2909 1089 2968 omnium

110 2992 209 3050 molat
225 3001 303 3062 quae
315 3002 353 3044 ne
365 2987 491 3047 daturus
505 2988 628 3063 quidem
640 2989 819 3063 acciperem,
838 2991 984 3064 quoniam
996 2994 1090 3050 multa

110 3076 213 3146 video,
232 3084 311 3146 quae
329 3085 377 3127 me
394 3071 509 3130 donare
525 3089 584 3131 non
601 3072 717 3132 deceat.
747 3073 826 3132 Volo
844 3073 901 3131 sub
918 3083 1088 3149 conspectu

110 3177 178 3222 meo
197 3170 326 3235 ponere,
357 3170 436 3226 quae
456 3154 590 3227 gentium
611 3156 718 3215 oculos
739 3170 906 3231 regumque
923 3159 1087 3231 praestrin-

111 3254 192 3323 gunt.
217 3245 286 3302 volo
309 3237 418 3297 intueri
442 3239 538 3310 pretia
553 3238 710 3312 sanguinis
726 3240 956 3315 animarumque
973 3250 1087 3302 vestra·

80 3345 183 3398 urtam.
211 3328 311 3387 Prima
331 3319 403 3381 milri
427 3321 565 3380 luxuriae
587 3323 686 3395 spolia
707 3339 860 3397 propone,
888 3324 954 3382 sive
970 3324 1022 3385 illa
1041 3326 1087 3384 vis

113 3436 165 3497 por
189 3414 323 3475 ordinem
343 3404 533 3479 expandere,
563 3402 644 3477 sive,
669 3412 702 3463 ut
722 3414 769 3465 est
793 3405 915 3480 meliuS,
942 3405 1087 3468 inunum

112 3516 252 3565 acervum
274 3497 361 3557 dare:
383 3489 472 3549 video
494 3484 677 3544 elaboratam
694 3491 877 3560 scrupulosa
892 3489 1086 3553 distinctione
