2364 3840
276 177 416 239 unruu.
433 176 595 250 eunusr.
616 176 688 236 ure.
701 176 737 234 u.
760 184 893 239 rn—er.
1012 175 1075 242 nul

90 334 183 410 ssigit,
208 333 280 408 quie
295 333 373 391 viam
390 347 445 405 per
460 331 510 389 illa
525 344 655 389 necesse
670 336 718 388 est
732 329 837 403 inpetu
853 338 994 402 quaerut:
1018 331 1072 392 itu·

91 435 153 493 que
165 418 253 490 iacit,
270 432 331 490 qua
343 415 476 489 effugiet.
499 414 611 472 teneris
624 422 653 472 et
664 412 830 471 rarioribus
844 413 948 486 parcit,
966 431 1070 488 quum-

92 518 184 577 quam
200 499 333 560 flammis
346 505 521 572 opportune
532 497 700 567 videantur,
720 495 789 571 quin
804 496 932 556 transitu
948 503 1070 571 patente

90 586 191 644 minus
206 582 399 644 obstaculum
413 580 536 641 invenit.
558 580 666 641 loculis
681 580 784 654 itaque
796 577 936 654 integris,
952 588 986 640 ut
997 581 1069 655 dixi,

91 668 237 744 pecunia,
262 680 342 741 quae
362 667 391 724 in
411 665 458 724 bis
475 665 543 737 iuit,
567 662 699 724 conflate
714 664 878 737 reperitur,
903 663 975 738 quia
989 664 1069 738 ignis

90 750 289 811 tenuissimus
315 765 370 823 per
394 748 543 809 foramina
563 749 682 807 occultu
705 748 891 807 transcurrit.
922 748 1069 823 quicquid

92 843 191 893 eutem
207 834 237 892 in
252 834 335 907 tigno
351 833 482 894 solidum
497 831 613 892 invenit
628 840 658 891 et
673 840 851 904 contumax,
868 832 970 892 vincit.
1004 833 1099 893 Noni

92 927 192 979 eutem
213 933 291 986 uno,
322 924 354 976 ut
374 917 452 987 dixi,
482 916 573 976 modo
595 915 706 988 suevit,
729 916 786 975 sed
808 915 880 989 quid
907 933 1068 991 quaecum·

93 1016 152 1074 que
173 999 222 1060 vis
243 1000 363 1072 lecerit,
386 1016 424 1059 ex
446 1000 515 1073 ipso
533 1013 645 1072 genere
661 999 788 1059 iniuriae
803 1000 953 1075 intellegis
969 1009 999 1060 et
1014 1003 1068 1060 lul-

93 1101 160 1143 men
184 1099 279 1159 opere
302 1083 477 1156 cognoscis.
501 1083 650 1141 interdum
668 1082 698 1140 in
713 1083 820 1142 eadem
836 1085 961 1145 materie
977 1088 1069 1146 multu

92 1168 216 1227 diversa
237 1167 374 1226 eiusdem
396 1168 441 1226 vis
464 1166 595 1233 iulminis
613 1165 698 1238 iacit,
721 1168 799 1225 sicut
813 1167 844 1226 in
859 1169 968 1229 arbore
983 1171 1068 1244 quod

91 1251 312 1323 aridissimum,
334 1249 408 1325 urit,
429 1251 513 1324 quod
526 1250 742 1309 solidissimum
758 1259 788 1310 et
803 1249 996 1311 durissimum
1011 1262 1067 1325 est,

91 1334 223 1394 terebrat
238 1342 267 1394 et
288 1335 412 1408 frangit,
437 1350 573 1394 summos
595 1333 724 1393 cortices
740 1333 883 1408 dissipet,
907 1334 1067 1396 interiores

90 1418 186 1478 libros
202 1418 242 1490 [in
260 1425 345 1492 parte
360 1417 512 1477 interioris
527 1417 656 1488 arboris]
673 1419 786 1491 rumpit
800 1434 836 1477 uc
852 1419 976 1490 scindit,
995 1421 1067 1479 loliu

92 1501 248 1576 pertundit
261 1517 297 1560 uc
312 1500 439 1574 stringit.
462 1501 563 1560 vinum
577 1501 671 1575 gelet,
689 1503 799 1561 terrum
812 1510 842 1560 el
853 1518 906 1562 nes
919 1503 1023 1564 lundit.

151 1584 226 1644 Llil.
254 1585 330 1643 lllud
353 1592 400 1643 est
420 1584 543 1658 mirum,
567 1585 650 1658 quod
665 1585 767 1644 vinum
789 1586 911 1645 fulmine
926 1588 1095 1660 gelatuml

91 1684 159 1729 cum
182 1668 220 1727 ad
243 1668 374 1741 priorem
397 1667 530 1726 habitum
547 1668 639 1740 redit,
663 1676 766 1741 potum
784 1678 835 1730 uut
850 1671 1002 1732 exanimet
1016 1678 1068 1732 aut

90 1751 249 1811 dementes
266 1751 345 1810 lucit.
383 1750 482 1823 Quare
497 1752 529 1810 id
544 1753 663 1810 occidet
678 1755 834 1827 quaerenti
847 1754 918 1813 mihi
930 1757 1002 1815 illud
1016 1772 1066 1817 oc-

89 1833 197 1894 currit:
226 1833 307 1894 inest
327 1834 373 1892 vis
395 1834 510 1894 iulmini
531 1835 684 1908 pestilera.
714 1851 752 1893 ex
767 1835 826 1894 hoc
841 1853 998 1898 remanere
1013 1841 1066 1898 ali-

90 1933 180 1992 quem
197 1918 335 1991 spiritum
352 1918 381 1978 in
399 1935 436 1977 eo
448 1917 590 1988 humore,
608 1933 698 1992 quem
710 1919 810 1991 coegit
822 1922 1065 1996 congelavitque,

90 2001 253 2061 verisimile
268 2012 323 2061 est.
352 2018 409 2061 nec
427 2001 506 2060 enirn
523 2000 650 2075 adligari
673 2003 836 2075 potuisset,
861 2002 919 2062 nisi
940 2004 1066 2078 aliquod

89 2084 131 2143 illi
152 2093 236 2144 esset
258 2085 391 2145 additum
412 2085 574 2144 vinculum
615 2084 777 2146 Praeterea
803 2085 863 2146 olei
890 2101 1013 2161 quoque
1038 2094 1095 2148 etl

89 2169 189 2228 omnis
212 2170 360 2242 unguenti
380 2177 456 2229 teter
477 2177 547 2244 post
568 2169 678 2228 tulmen
701 2170 778 2230 odor
799 2177 854 2230 est.
882 2186 920 2229 ex
936 2187 996 2247 quo
1013 2172 1065 2231 ud-

89 2259 178 2326 pnret
192 2251 295 2311 inesse
311 2254 472 2326 quamdam
488 2252 686 2312 subtilissimo
698 2252 760 2326 igni
772 2262 801 2312 et
814 2262 917 2313 contra
930 2263 1065 2315 naturam

89 2342 159 2395 acto
178 2335 367 2409 pestilentem
385 2336 564 2410 potentiam,
588 2352 648 2408 quo
665 2353 724 2396 non
742 2337 802 2396 ictu
817 2345 929 2397 tantum
946 2340 1064 2411 cudant,

88 2419 146 2478 sed
167 2417 290 2478 adflata.
331 2418 492 2478 Praeterea
513 2435 711 2493 quocumque.
727 2420 840 2479 decidit
864 2423 994 2490 tulmen,
1024 2423 1065 2481 ibi

89 2502 217 2560 odorem
239 2517 310 2561 esse
331 2502 488 2576 sulphuris
510 2511 624 2562 certum
645 2509 707 2574 est,
732 2502 783 2577 qui
800 2504 870 2576 quie
890 2505 992 2577 gravis
1007 2511 1062 2573 est,

88 2585 214 2658 saepius
238 2583 366 2645 haustus
387 2586 506 2645 alienet.
550 2585 612 2644 Sed
633 2587 673 2645 ad
693 2586 752 2647 hoc
768 2586 855 2644 vacui
869 2593 1093 2650 revertamure

88 2669 222 2727 fortusse
243 2671 322 2727 enim
345 2668 447 2728 libebit
468 2670 647 2742 ostendere,
670 2685 760 2743 quum
777 2669 878 2728 omnia
892 2669 950 2727 iste
965 2684 983 2727 a
998 2667 1062 2742 plri-

86 2751 231 2825 losophia
244 2763 369 2824 parente
381 2754 487 2812 artium
499 2752 708 2812 defluxerunt:
732 2752 783 2811 illu
794 2752 922 2825 primum
933 2759 1062 2827 etquue-

87 2833 159 2893 sivit
174 2849 284 2895 causas
300 2851 400 2895 rerum
416 2843 445 2894 et
460 2836 634 2895 observavit
649 2835 777 2895 effectus
795 2842 838 2907 el,
863 2837 945 2910 quod
962 2836 991 2893 in
1007 2835 1061 2893 lul-

86 2917 177 2976 minis
198 2916 389 2993 inspectione
409 2922 500 2994 longe
523 2920 629 2979 melius
647 2927 708 2991 est,
732 2918 823 2978 initiis
844 2935 944 2979 rerum
962 2920 1061 2979 exitus

87 2999 222 3062 contulit.

149 3084 226 3142 LlV.
254 3085 357 3145 Nunc
386 3086 431 3144 cd
457 3085 679 3161 opinionem
700 3086 907 3146 Posidonii
929 3095 1090 3151 rever-1

86 3172 162 3224 tor:
192 3182 210 3225 e
230 3175 311 3228 terra
332 3169 524 3243 terrenisque
545 3169 685 3229 omnibus
701 3186 774 3244 pers
789 3169 914 3231 humide
931 3167 1059 3240 efflatur,

88 3265 160 3323 pers
183 3250 266 3310 sicca
280 3259 311 3311 et
331 3250 445 3312 iumida
460 3258 634 3324 [remunetp
657 3253 734 3313 haec
748 3253 922 3313 fulminibus
938 3252 1060 3310 alimen—

86 3339 148 3392 tum
164 3339 226 3404 est,
248 3335 300 3394 illa
313 3334 470 3396 imbribus.
508 3335 659 3410 Quicquid
674 3337 704 3396 in
716 3340 788 3397 uera
800 3337 874 3397 sicci
887 3334 1060 3408 iumosique

86 3415 240 3490 pervenit,
271 3416 301 3475 id
323 3417 438 3478 includi
458 3435 493 3479 se
514 3419 669 3498 [nubibus]
691 3435 752 3481 uon
772 3421 845 3495 lert,
870 3419 928 3479 sed
948 3414 1061 3491 rumpit
1086 3470 1089 3478 .
