2364 3840
270 188 412 248 NATUR.
430 188 592 261 QUAEST.
615 190 749 250 LlB.VI.
771 199 904 253 22—24.
1016 192 1079 257 289

93 339 162 400 illas
184 355 267 398 mare
286 337 436 410 inmersit,
463 339 535 397 dicit
550 339 580 398 id
596 339 678 413 quod
695 341 724 398 in
741 341 843 414 priore
861 349 947 416 parte
962 340 1076 402 dictum

94 431 156 483 est:
179 423 331 498 „Spiritus
347 423 437 482 intrat
451 429 562 482 terram
577 438 633 497 per
649 426 768 484 occulta
784 425 947 497 foramina,
969 442 1073 499 quem-

94 509 259 567 admodum
273 508 403 581 ubique,
421 506 462 565 ita
477 512 508 565 et
518 506 576 565 sub
587 508 671 566 mari.
684 507 805 567 deinde
817 525 885 567 cum
898 508 1073 570 obstructus

94 599 142 651 est
161 592 212 650 ille
232 599 360 660 trames,
391 605 447 664 per
469 606 557 664 quem
582 592 800 665 descenderat,
822 592 951 652 reditum
972 600 1073 653 autem

93 676 134 735 illi
150 691 168 734 a
184 683 267 748 tergo
283 674 431 734 resistens
448 690 526 748 aqua
543 675 681 748 obstulit,
697 676 756 735 huc
772 684 801 734 et
815 676 886 735 illuc
902 678 1029 736 retertur
1044 687 1073 737 et

93 759 151 819 sibi
168 760 236 832 ipse
252 773 417 818 occurrens
432 765 541 816 terram
557 758 727 819 labefactat.
765 760 839 819 ldeo
861 761 1071 835 frequentissi—

93 858 141 901 me
155 841 230 901 mari
245 843 388 916 adposita
401 848 549 900 vexantur
563 849 592 900 et
606 842 678 901 inde
689 843 829 917 Neptuno
841 842 917 902 haec
930 845 1070 918 adsigna·

93 935 122 986 ta
142 934 190 986 est
210 926 301 985 maris
318 925 460 984 movendi
476 926 641 999 potentia.“
677 926 823 1000 Quisquis
841 928 952 1000 primas
969 928 1070 987 literas

93 1011 226 1069 Graecas
249 1009 367 1081 didicit,
393 1009 451 1068 scit
464 1010 547 1068 illum
563 1010 645 1082 apud
660 1009 826 1070 Homerum
838 1003 1071 1089 Ἐνοσίχθονα

91 1109 206 1152 vocari.

153 1177 259 1236 XXlV.
295 1175 481 1249 Spiritum
514 1192 603 1236 esse
635 1176 724 1236 huius
753 1178 823 1235 mali
853 1193 1006 1237 causam
1036 1187 1096 1238 etl

39 1305 41 1308 v
91 1262 177 1336 ipse
207 1259 433 1319 consentio:
466 1261 511 1318 do
533 1261 602 1320 illo
625 1261 853 1335 disputabo,
877 1264 1069 1334 quomodo

92 1345 212 1405 intret
238 1345 299 1403 hic
329 1344 513 1417 spiritus,
542 1350 717 1418 utrum‘per
730 1344 832 1404 tenuia
848 1343 997 1406 foramina
1011 1361 1068 1405 nec

91 1427 189 1488 oculis
211 1425 490 1502 conprehensibilia
510 1444 548 1487 an
571 1445 625 1502 per
645 1429 761 1488 maiora
781 1445 817 1488 ac
833 1429 1016 1502 patentiora,
1039 1436 1068 1487 et

90 1521 190 1573 utrum
211 1511 248 1570 ab
264 1513 324 1570 imo
341 1527 379 1569 an
393 1513 481 1571 etiam
497 1527 552 1585 per
568 1528 685 1571 summa
700 1521 855 1572 terrarum.
891 1513 956 1571 Hoc
971 1513 1096 1572 incre-2

91 1596 184 1655 dibile
205 1603 260 1655 est.
290 1594 409 1653 namin
432 1597 545 1654 nostris
567 1612 692 1670 quoque
711 1595 892 1670 corporibus
911 1597 987 1656 cutis
1004 1597 1066 1670 spi·
1134 1607 1138 1616 ·

90 1681 179 1738 ritum
206 1679 323 1752 respuit
347 1694 447 1753 neque
472 1687 520 1738 est
546 1680 587 1738 illi
617 1681 775 1752 introituS,
809 1679 867 1738 nisi
894 1697 950 1754 per
976 1697 1065 1753 quem

90 1763 230 1834 trahitur,
260 1778 361 1836 neque
383 1763 551 1822 consistere
567 1764 688 1837 quidem
704 1763 825 1822 anobis
841 1772 983 1838 receptus
1000 1771 1066 1838 pot-

90 1855 138 1905 ost
158 1846 215 1904 nisi
235 1847 264 1904 in
284 1846 393 1904 laxiori
410 1846 550 1920 corporis
567 1855 662 1921 parte.
691 1864 750 1906 non
767 1847 845 1904 enim
861 1848 938 1905 inter
953 1863 1065 1907 nervos

91 1931 257 2005 pulpamve,
279 1930 335 1989 sed
351 1931 380 1988 in
398 1931 567 1991 visceribus
583 1939 613 1990 et
629 1931 730 2004 patulo
745 1931 896 1989 interioris
910 1932 1004 2003 partis
1016 1947 1063 1990 re-

91 2029 182 2072 cessu
205 2020 408 2073 connroratur.
451 2014 535 2073 ldem
551 2015 590 2072 de
610 2024 690 2075 terra
706 2015 857 2087 suspicari
879 2015 949 2073 licet
962 2014 1010 2071 vel
1026 2021 1092 2073 ext

92 2098 166 2171 lroc,
191 2097 274 2171 quod
291 2106 389 2158 motus
405 2114 465 2156 non
482 2097 511 2157 in
524 2114 641 2157 summa
653 2106 733 2157 terra
745 2099 866 2156 circavo
879 2113 996 2156 summa
1008 2106 1063 2172 est,

90 2182 146 2240 sed
169 2180 274 2240 subter
294 2189 324 2239 et
344 2181 381 2239 ab
404 2181 473 2241 imo.
500 2182 589 2241 huius
613 2183 769 2252 indicium,
794 2183 877 2254 quod
898 2180 1063 2242 altitudinis

88 2264 261 2340 profundae
275 2267 370 2324 maria
386 2266 541 2338 iactantur,
563 2266 653 2325 motis
669 2265 785 2325 scilicet
800 2266 862 2337 his,
879 2282 973 2341 supra
986 2282 1064 2340 quae

89 2349 159 2408 fusa
185 2357 273 2408 sunt:
307 2365 380 2422 ergo
410 2350 624 2409 verisimile
652 2357 712 2408 est
743 2359 883 2409 terram
912 2366 957 2408 ex
985 2352 1063 2410 alto

90 2432 233 2492 moveri
262 2441 298 2492 et
329 2431 413 2491 illic
446 2434 624 2506 spiritum
654 2435 690 2491 in
720 2434 901 2491 cavernis
930 2433 1062 2505 ingen·

88 2515 194 2576 tibus
224 2516 389 2590 concipi.
433 2516 563 2589 „lmmo,
594 2518 709 2590 inquis,
736 2532 793 2575 ceu
809 2531 877 2573 cum
892 2515 1004 2588 frigore
1020 2519 1093 2578 int

88 2599 278 2670 horruimus,
304 2607 417 2659 tremor
438 2602 588 2674 sequitur,
612 2600 656 2659 sio
676 2608 773 2660 terras
791 2614 916 2672 quoque
937 2599 1062 2673 spiritus
1132 2595 1134 2599 ’

88 2683 281 2742 extrinsecus
303 2683 445 2742 accidens
469 2689 625 2757 quassat.“
653 2683 735 2757 quod
755 2683 838 2742 nullo
855 2681 946 2741 modo
961 2688 1064 2756 potest

88 2765 163 2825 lieri.
188 2769 290 2839 algere
305 2767 382 2824 enim
400 2768 505 2840 debet,
528 2774 561 2827 ut
575 2768 655 2826 idem
672 2767 713 2825 illi
731 2767 849 2826 accidat
865 2767 946 2839 quod
964 2765 1061 2840 nobiS,

88 2866 168 2922 quos
185 2857 309 2908 externa
324 2867 419 2909 causa
433 2853 461 2909 in
477 2851 634 2911 horrorem
651 2851 721 2924 agit.
743 2852 882 2910 accidere
895 2856 993 2910 autem
1005 2858 1061 2910 ter-

88 2948 140 2991 rae
160 2933 257 2991 simile
273 2934 417 3007 quiddam
437 2942 559 2993 nostrae
573 2935 749 3006 adlectionl,
774 2935 903 2992 sednon
921 2950 958 2992 ex
974 2933 1063 2993 simili

87 3032 183 3075 causa
204 3018 421 3076 concesserim.
456 3019 540 3077 lllam
560 3018 685 3078 interior
699 3027 728 3077 et
745 3018 832 3077 altior
848 3018 956 3077 iniuria
973 3019 1090 3079 debete

88 3101 248 3174 inpellere:
271 3101 359 3160 cuius
374 3103 419 3160 rei
434 3109 641 3176 argumentum
654 3102 702 3161 vel
715 3101 878 3162 maximum
890 3102 949 3161 hoc
963 3107 1063 3175 potest

87 3199 173 3255 csse,
198 3184 281 3258 quod
297 3201 365 3244 cum
382 3184 551 3245 vehementi
564 3194 646 3245 motu
659 3187 838 3260 adapertum
850 3184 963 3259 ingenti
975 3185 1063 3243 ruina

87 3269 186 3326 solum
202 3274 264 3339 est,
285 3275 364 3328 totas
380 3285 606 3344 nonnumquam
622 3270 714 3331 urbes
730 3277 760 3329 et
775 3269 883 3342 recipit
896 3268 996 3327 hiatus
1012 3268 1062 3326 ille

87 3358 118 3409 et
137 3351 307 3411 abscondit.
343 3352 539 3430 Thucydides
561 3354 601 3412 ait
622 3354 702 3412 circa
723 3350 974 3425 Peloponnesiaci
992 3350 1091 3410 bollid

88 3442 208 3507 tempus
223 3435 384 3494 Atalanten
400 3437 528 3496 insulam
543 3443 595 3496 aut
608 3443 700 3495 totam
715 3443 767 3496 aut
781 3439 864 3494 certe
875 3433 1008 3493 maxima
1022 3448 1062 3491 ex

130 3537 232 3574 censen
245 3537 316 3574 rum.
332 3522 364 3576 ΙΙ.
868 3525 901 3578 19
