2364 3840
277 215 327 275 DE
349 214 560 275 BENEFICIIS
583 215 655 275 LlB.
668 215 716 275 itt.
743 222 873 278 28-30.
1022 213 1062 279 53

89 384 148 428 sua
164 381 273 442 magno
289 365 386 441 gradu
399 367 516 426 transit.
554 363 676 425 Semina
692 366 823 425 omnium
836 380 934 425 rorum
950 381 1063 427 causae

89 456 161 512 sunt
178 459 207 510 et
227 456 325 511 tamen
341 447 482 509 minimae
497 456 599 524 partes
615 456 686 511 sunt
700 464 819 523 eorum,
837 464 916 523 quae
928 449 1061 524 gignunt.

87 520 226 609 Adspme
247 533 401 607 Rhenum,
431 533 559 607 adspice
583 532 774 607 Euphraten,
801 547 908 593 omnes
931 533 1063 609 denique

87 619 209 678 inclitos
231 632 352 678 amnes:
376 615 448 691 quid
465 623 550 691 sunt,
569 616 595 676 si
611 617 679 677 iilos
695 615 755 675 illio
771 615 853 676 unde
869 613 998 677 effluunt
1013 631 1062 676 ae-

89 702 217 762 stimes?
240 699 384 776 quicquid
401 706 449 760 est
464 716 525 775 quo
545 701 700 775 timentur,
725 717 785 774 quc
802 700 1010 773 nominantur,
1033 700 1061 759 in

89 800 241 859 processu
261 792 455 860 paraverunt.
476 786 518 860 ἣ
552 784 690 858 Adspice
705 782 823 855 trabes,
848 784 913 843 sive
930 784 1091 858 proceri-s

88 875 178 930 tatem
203 868 362 943 aestimes,
385 868 563 942 attissimus,
587 867 653 927 sivo
669 867 901 928 crassitudinem
919 869 1062 943 spatium-

91 968 151 1029 que
172 968 341 1026 ramorum,
365 951 512 1012 latissime
535 951 636 1012 iusas=
666 953 841 1026 quantulum
864 960 911 1012 est
928 950 975 1012 his
991 966 1063 1012 con-

89 1043 229 1113 paratum
242 1035 330 1109 illud,
347 1035 429 1110 quad
442 1034 529 1094 radix
542 1036 623 1095 tonui
635 1033 713 1094 ssbra
725 1036 945 1110 conplectitur?
964 1035 1064 1112 †tottc

89 1120 241 1180 radicem:
270 1134 395 1179 nemora
416 1134 476 1179 non
496 1127 623 1193 surgent
636 1133 693 1176 noc
706 1119 779 1178 tanti
797 1124 917 1179 montes
934 1120 1061 1179 vestien-

91 1204 183 1278 nu.†
216 1201 385 1263 Innituntur
406 1201 610 1262 fundamentis
632 1200 697 1261 suis
720 1203 832 1276 templa
855 1208 884 1262 et
908 1202 957 1262 itia
979 1203 1063 1263 urbis

89 1287 226 1347 moenia:
253 1292 350 1347 tamon
374 1301 453 1361 quac
473 1286 501 1345 in
525 1286 742 1346 itrmamentum
760 1285 851 1346 totius
868 1286 970 1360 operis
986 1288 1065 1346 iacta

91 1376 175 1444 sunt,
199 1372 299 1430 latent.
333 1370 415 1429 Idem
433 1370 461 1429 in
479 1370 588 1429 ceteris
604 1368 721 1428 evenit:
747 1369 896 1445 principia
913 1386 969 1430 sua
985 1381 1092 1436 sem-6
1130 1440 1133 1447 ¹

91 1469 295 1532 persequens
311 1453 486 1528 magnitudo
499 1453 614 1514 obruet.
638 1453 703 1513 Non
720 1452 888 1528 potuissem
903 1454 1065 1529 quicquam

90 1538 254 1612 consequi,
283 1537 341 1597 nisi
364 1544 522 1611 parentum
543 1536 724 1598 beneficium
747 1536 981 1598 antecessisset:
1008 1538 1064 1597 sed

91 1637 152 1681 non
174 1621 243 1680 ideo
264 1621 411 1695 quicquid
431 1627 615 1681 consecutus
633 1636 715 1692 sum,
739 1620 839 1681 minus
856 1628 904 1681 est
920 1638 973 1695 eo,
998 1620 1065 1681 sine

91 1721 152 1780 quo
176 1710 361 1763 consecutus
382 1719 443 1763 non
465 1718 575 1763 essem.
613 1703 675 1764 Nisi
697 1719 745 1763 me
764 1705 863 1766 nutrix
879 1706 1006 1766 aluisset
1021 1705 1093 1771 int

91 1789 218 1860 tantem,
240 1784 312 1844 nihii
328 1801 449 1857 eorum,
471 1801 550 1860 quae
566 1786 693 1847 consitio
710 1803 745 1846 ac
757 1803 847 1849 manu
860 1804 948 1863 gero,
965 1790 1066 1849 iacere

92 1868 261 1947 potuissem
274 1868 371 1928 necin
385 1868 463 1928 hanc
475 1883 631 1944 emergere
644 1869 775 1929 nominis
787 1871 960 1944 claritatem,
974 1888 1064 1947 quam

92 1954 170 2014 civiti
193 1968 228 2013 ac
248 1951 366 2013 militari
392 1951 542 2013 industria
563 1952 674 2013 merui:
702 1953 850 2028 numquid
877 1959 973 2013 tamen
995 1955 1064 2015 ideo

89 2037 230 2097 maximis
252 2035 397 2111 operibus
416 2037 573 2112 praetores
589 2034 714 2097 nutricis
732 2036 887 2098 otiolum?
915 2044 965 2097 aut
982 2037 1064 2112 quio·

90 2137 182 2198 quam
196 2121 336 2197 interest,
355 2137 422 2183 curn
436 2137 535 2197 neque
547 2121 613 2181 sino
627 2119 720 2196 patris
733 2121 882 2181 beneticio
896 2137 986 2196 quam
999 2120 1065 2182 sine

89 2204 216 2265 nutricis
237 2221 297 2265 non
321 2206 456 2281 potueris
479 2205 682 2266 adulteriora
704 2206 894 2281 procederet
929 2205 1015 2279 Quod
1039 2205 1093 2265 si8

89 2288 174 2349 initio
198 2303 265 2349 meo
282 2288 426 2366 quiequid
443 2288 501 2349 iam
518 2304 644 2364 possum
662 2289 775 2364 dobeo,
800 2291 899 2366 cogita
918 2305 977 2350 non
994 2305 1065 2350 esso
1116 2308 1117 2313 ¹

90 2371 206 2433 initium
221 2371 278 2432 mei
296 2381 425 2448 putrem,
449 2388 506 2433 nee
523 2389 611 2433 avum
627 2372 759 2449 quidem.
786 2389 908 2449 semper
919 2375 997 2433 enim
1011 2373 1067 2433 erit

89 2454 217 2516 ulterius
233 2454 363 2531 aliquid,
387 2471 424 2515 ox
442 2472 502 2532 quo
519 2455 644 2532 originis
662 2459 818 2532 proximae
836 2458 922 2531 origo
938 2456 1066 2517 descon-

90 2540 158 2602 dat=
182 2540 264 2613 atqui
282 2554 370 2600 nemo
387 2539 467 2601 dicct
481 2556 529 2599 me
546 2541 615 2615 pius
627 2539 740 2600 debere
751 2540 862 2614 ignotis
875 2547 904 2598 et
915 2540 993 2598 uitra
1004 2553 1066 2597 me·

89 2622 216 2682 moriam
234 2624 343 2698 positis
358 2624 523 2684 maioribus
541 2641 630 2699 quam
649 2624 735 2699 patri.
759 2625 829 2698 plus
846 2629 945 2682 autem
958 2620 1066 2696 debeo,

90 2705 118 2849 ‚Ei
140 2705 199 2767 hoc
219 2707 335 2783 ipsum,
365 2708 448 2784 quod
471 2709 574 2783 genuit
594 2723 642 2768 me
663 2713 749 2783 pater
771 2721 872 2780 mous,
901 2705 1066 2767 maioribus

114 2789 193 2849 obet.

155 2870 244 2933 XXX.
268 2872 439 2952 „Quicquid
455 2875 590 2951 praestiti
607 2875 699 2951 patri,
720 2873 837 2934 etiarnsi
854 2889 994 2948 magnum
1011 2879 1094 2948 esti

90 2957 170 3019 inira
181 2957 422 3019 aestimationem
435 2959 553 3036 paterni
565 2960 699 3019 muneris
711 2964 772 3034 est,
792 2958 863 3032 quia
880 2974 941 3018 non
954 2972 1065 3029 essem,

90 3042 117 3102 si
130 3056 191 3101 non
205 3040 393 3115 genuissem
421 3043 482 3104 Isto
496 3044 588 3104 modo
602 3042 700 3115 etium,
719 3043 743 3103 si
757 3042 826 3117 quis
840 3047 954 3117 patrem
966 3055 1066 3101 meum

91 3141 216 3201 aegrum
230 3141 266 3186 ac
278 3124 454 3188 moriturum
468 3127 636 3200 sanaverit,
656 3126 727 3186 nihii
740 3133 898 3202 praestare
909 3124 936 3186 oi
950 3131 1066 3200 potero,

92 3210 177 3286 quod
201 3227 260 3272 non
284 3210 434 3271 benenato
457 3211 523 3271 eius
545 3210 644 3270 minus
661 3210 713 3272 sita
737 3226 797 3270 non
815 3210 893 3269 onim
910 3208 1068 3284 genuisset

92 3309 141 3354 me
164 3301 264 3370 pater,
290 3295 347 3355 nisi
370 3303 495 3355 sanatus
517 3302 610 3354 esset.
647 3293 702 3353 sed
720 3292 803 3366 vide,
822 3308 860 3352 ne
877 3293 949 3352 iliud
963 3291 1067 3350 verius

91 3376 132 3439 sit
144 3379 311 3452 aestimari,
329 3395 366 3439 an
383 3377 412 3437 id
425 3378 507 3452 quod
525 3376 608 3452 potui
625 3383 654 3437 ct
669 3377 697 3436 id
717 3377 799 3452 quod
817 3375 889 3450 ieci,
905 3390 1004 3435 meum
1021 3372 1068 3445 sit,

92 3476 228 3522 mearum
246 3462 369 3538 virium,
389 3476 475 3522 meae
492 3459 664 3521 voluntatis.
693 3459 767 3518 titud
787 3460 869 3532 <ruod
887 3465 975 3519 natus
993 3462 1098 3523 sumt
