2364 3840
287 198 427 260 norun.
444 199 605 272 ouansr.
627 200 749 260 urar.
770 210 812 265 n.
828 210 872 264 ιε.
967 185 969 190 ’
1006 203 1069 269 ant

92 368 138 412 ne
158 353 400 427 suspexerit:
422 368 495 410 non
518 350 614 410 enim
638 350 683 438 eri
705 364 1068 419 unacausaventos

91 444 156 496 aut
174 436 325 495 invenit
346 442 410 495 aut
431 451 499 511 per
520 435 681 494 diversa
701 436 917 511 disposuit,
940 440 1068 515 sedpri-

91 537 188 592 mum,
208 526 241 579 ut
261 518 335 578 aera
352 535 413 579 non
435 520 571 579 sinerent
584 519 776 593 pigrescere,
797 521 853 581 sed
869 520 1001 582 adsidua
1016 540 1068 582 ve

89 603 214 663 xatione
235 603 337 663 utilem
353 603 516 662 redderent
531 603 715 677 vitalemque
729 604 881 664 tracturis.
910 604 1022 665 deinde
1036 615 1098 669 uti

90 685 204 746 imbres
226 687 313 746 terris
329 686 592 745 subministrarent
606 687 760 761 iidemque
774 688 883 748 nimios
899 703 1067 764 conpesce-

90 778 167 831 rent.
189 786 259 828 nam
274 769 365 828 modo
381 769 537 829 adducunt
551 769 665 844 nubes,
687 771 780 831 modo
792 770 953 847 diducunt,
968 771 1002 834 ut
1012 789 1069 849 per
1102 809 1104 814 .

89 861 184 913 tolum
200 853 304 913 orbem
322 853 443 927 pluviae
458 852 553 912 dividi
568 862 709 927 possent:
731 855 761 913 in
778 856 893 915 ltaliam
909 864 1013 916 auster
1023 858 1068 915 in-

88 938 188 1012 pellit,
216 936 318 1010 aquilo
339 936 368 994 in
395 936 532 995 Africam
558 937 658 1008 reicit,
688 939 803 997 etesiae
828 956 888 999 non
915 942 1069 1014 patiuntur

89 1021 173 1095 apud
189 1036 246 1080 nos
258 1020 356 1080 nubes
370 1021 550 1080 consistere.
567 1019 658 1078 iidem
671 1027 763 1080 totam
775 1022 891 1081 Indiam
902 1030 933 1083 et
943 1024 1068 1084 Aethio·

89 1105 171 1178 piam
186 1104 338 1165 continuis
356 1103 452 1177 perid
464 1111 585 1177 tempus
598 1103 687 1177 aquis
699 1104 840 1177 inrigant.
874 1106 966 1179 Quid,
984 1108 1097 1183 quoda

89 1189 194 1261 fruges
214 1189 333 1263 percipi
353 1203 413 1247 non
436 1194 583 1260 possent,
611 1185 670 1245 nisi
694 1186 769 1247 flatu
794 1204 989 1262 supervacua
1013 1196 1067 1263 [et]

88 1268 183 1331 mixta
204 1271 365 1330 servandis
386 1271 613 1343 ventilarentur,
637 1286 694 1331 nec
708 1276 806 1341 esset,
830 1271 914 1346 quod
932 1281 1069 1347 segetem

89 1353 237 1413 excitaret
252 1362 282 1414 et
296 1355 436 1414 latentem
452 1357 570 1428 frugem
584 1355 682 1429 ruptis
698 1355 877 1415 velamentis
893 1355 967 1426 suis,
987 1371 1068 1429 quae

89 1438 296 1497 folliculos
320 1439 473 1511 agricolae
493 1446 620 1510 vocant,
642 1439 836 1514 adaperiret2
871 1438 963 1512 Quid,
984 1439 1097 1511 quode

89 1522 231 1582 omnibus
247 1522 324 1581 inter
339 1536 374 1580 se
385 1523 508 1596 populis
521 1523 735 1582 commercium
747 1522 831 1582 dedit
845 1529 876 1583 et
886 1528 991 1596 gentes
1005 1523 1069 1582 dis-

90 1604 207 1679 sipatas
223 1606 300 1665 locis
313 1605 454 1664 miscuit?
473 1607 580 1679 ingens
596 1615 722 1666 naturae
738 1606 935 1678 beneficium,
955 1607 981 1665 si
993 1606 1068 1666 illud

88 1689 119 1748 in
141 1687 280 1748 iniuriam
302 1705 391 1748 suam
410 1705 472 1763 non
489 1695 586 1749 vertat
599 1689 754 1749 hominum
769 1690 868 1750 luror!
896 1706 966 1749 nam
983 1690 1068 1764 quod

90 1773 130 1831 de
145 1772 276 1833 Caesare
295 1772 403 1832 maiori
424 1775 513 1846 volgo
534 1773 676 1832 dictatum
693 1781 739 1832 est
754 1780 784 1833 et
798 1790 816 1831 a
830 1775 895 1832 Tito
910 1775 996 1834 Livio
1012 1790 1067 1848 po·

90 1856 195 1929 situm,
217 1859 249 1916 in
264 1860 374 1918 incerto
384 1874 460 1929 esse,
481 1864 579 1916 utrum
590 1859 673 1916 illum
685 1859 771 1915 nosci
780 1860 876 1929 mopis
886 1859 1068 1931 reipublicae

85 1940 240 2016 profuerit
251 1958 292 2000 ort
306 1957 364 2000 non
378 1944 476 2011 cosm,
499 1940 558 1998 dici
573 1940 662 1999 etiarn
679 1939 717 1997 de
734 1939 833 1998 ventis
848 1945 963 2013 potest:
986 1939 1065 1999 adeo

89 2024 236 2099 quiequid
256 2039 295 2083 ex
315 2024 374 2083 illis
390 2025 463 2083 utile
477 2031 507 2082 et
521 2022 729 2082 necessarium
744 2029 805 2093 est,
826 2038 887 2082 non
902 2029 1004 2096 potest
1017 2021 1066 2082 his

88 2108 263 2182 repensari,
287 2123 367 2182 quae
388 2107 419 2166 in
441 2107 607 2181 perniciem
630 2122 717 2165 suam
737 2105 859 2180 generis
874 2104 999 2164 humani
1013 2105 1066 2164 de·

88 2190 201 2251 mentia
217 2192 380 2265 excogitat.
417 2190 479 2250 Sed
502 2206 575 2249 non
598 2189 687 2249 ideo
709 2206 784 2250 non
805 2189 893 2249 su'nt
909 2190 984 2249 ista
1001 2188 1094 2247 na-5

88 2281 175 2335 tura
208 2273 328 2348 bona,
366 2275 399 2334 si
432 2274 529 2335 vitio
561 2274 659 2333 male
691 2275 881 2334 utentium
915 2280 1066 2333 nocent.

87 2358 154 2418 Non
175 2359 206 2418 in
230 2359 288 2418 hoc
309 2359 504 2433 providentia¹
528 2374 564 2416 ac
589 2356 758 2432 dispositor
784 2359 834 2416 ille
859 2356 963 2417 mundi
989 2358 1067 2416 deus

88 2443 293 2502 exercendum
315 2443 414 2502 ventis
430 2444 502 2500 alirn
516 2440 601 2500 dedit
614 2449 645 2500 et
661 2441 731 2501 illos
748 2441 787 2500 ab
803 2441 883 2499 omni
901 2447 1005 2513 parte,
1027 2454 1067 2498 ne

89 2526 164 2602 quid
178 2535 262 2586 esset
276 2527 336 2585 situ
352 2524 542 2601 squalidum,
566 2524 687 2595 elludit,
706 2530 740 2583 ut
754 2539 812 2583 nos
829 2523 947 2582 classes
961 2528 1066 2595 partes

88 2609 156 2669 freti
172 2615 375 2684 occupaturos
392 2611 606 2683 conpleremus
621 2607 713 2667 milite
728 2611 843 2665 armato
860 2612 890 2664 et
900 2605 1020 2664 hostem
1035 2604 1066 2662 in

72 2694 164 2752 ‘meri
183 2701 235 2752 aut
254 2700 325 2768 post
344 2708 428 2752 mare
450 2706 677 2767 quaereremus.
721 2689 804 2763 Quae
831 2703 889 2748 nos
915 2686 1096 2746 dementiati

89 2777 222 2852 exagitat
241 2785 272 2837 et
292 2777 322 2835 in
338 2784 473 2836 mutuum
489 2775 635 2849 conponit
649 2771 795 2833 exitium?
815 2774 884 2830 vele
897 2768 997 2835 ventis
1013 2770 1066 2829 da·

88 2876 157 2920 mus
171 2860 283 2921 bellum
300 2858 422 2934 petituri
437 2867 468 2919 et
482 2859 687 2933 periclitamur
702 2856 828 2932 periculi
844 2871 947 2916 cause.
968 2855 1066 2914 incer-

88 2951 148 3004 tam
166 2945 315 3004 lortunam
332 2944 515 3018 experimur,
533 2944 594 3002 vim
610 2948 823 3017 tempestatum
838 2941 921 2998 nulle
937 2954 997 3013 ope
1011 2938 1065 2998 hu·

88 3043 179 3086 mana
200 3028 422 3102 superabilem,
452 3034 579 3087 mortem
601 3028 667 3086 sine
692 3042 748 3100 spe
775 3024 960 3099 sepulturae.
999 3022 1095 3080 Noni

88 3118 154 3170 erat
173 3113 262 3183 tanti,
292 3112 318 3170 si
339 3111 379 3170 ad
400 3125 507 3184 pacem
528 3125 583 3184 per
602 3109 661 3170 ista
683 3109 876 3169 veheremur:
903 3122 982 3166 nunc
998 3122 1067 3165 cum

88 3195 277 3255 evaserimus
292 3200 338 3254 tot
352 3195 500 3268 scopulos
515 3195 643 3253 latentes
659 3200 689 3254 et
703 3192 830 3253 insidias
842 3191 951 3251 vadosi
965 3189 1067 3261 maris,

89 3294 156 3338 cum
173 3279 371 3353 effugerimus
388 3277 579 3351 procellosos
596 3277 731 3351 desuper
751 3283 886 3348 montes,
916 3291 970 3349 per
986 3288 1066 3347 quos

89 3376 240 3438 praeceps
260 3360 292 3421 in
311 3360 490 3434 navigantes
506 3367 615 3420 ventus
629 3359 805 3434 inpingitur,
828 3374 897 3419 oum
912 3358 1066 3417 involutos

89 3444 192 3506 nubilo
207 3445 274 3506 dies
290 3452 320 3506 et
333 3443 444 3504 nimbis
457 3459 492 3504 ae
504 3443 664 3504 tonitribus
676 3443 847 3504 horrendas
861 3448 977 3512 noctes,
998 3455 1067 3499 oum
