2364 3840
162 168 202 230 80
441 168 474 224 L.
493 167 640 224 ANNAEI
661 165 835 226 SENECAE

159 320 272 380 maluit.
308 320 414 378 referri
429 316 471 376 illi
486 318 581 390 gratia
595 324 656 375 tam
671 318 764 390 longo
780 316 880 389 spatio
896 333 956 377 non
971 318 1086 391 potuit:
1106 319 1134 379 ln

157 405 237 463 illius
253 411 426 477 respectum
441 400 498 458 iste
515 401 628 474 populo
644 401 831 474 praesideat,
848 416 907 459 non
925 400 997 473 qula
1012 401 1072 461 scit
1087 411 1136 463 aut

128 494 274 562 apolest,
291 488 346 544 sed
364 486 434 558 quia
449 484 526 542 allus
540 499 596 556 pro
613 483 663 541 illo
679 482 796 543 meruit.
818 483 874 541 llic
890 499 1020 558 corpore
1036 487 1134 547 delor-

157 572 214 629 mis
237 577 297 638 est,
321 568 472 641 adspectu
493 566 602 625 foedus
623 573 653 625 et
667 573 844 627 ornamenta
858 583 915 625 sua
929 569 1134 629 traducturus.

157 654 217 713 iam
239 669 288 711 me
306 650 445 710 homines
467 648 670 724 accusabunt,
692 666 816 710 caecum
838 655 868 707 et
883 652 1077 710 temerarium
1093 653 1135 711 di-

159 743 243 809 cent,
260 735 461 802 nescientem,
479 749 539 806 quo
555 734 623 791 loco
640 750 719 808 qnae
735 732 861 792 summis
878 740 969 806 atque
984 737 1135 795 excellen-

159 820 284 879 tissimis
300 817 463 887 debentur,
481 832 607 890 ponam:
623 826 652 876 at
666 833 722 890 ego
740 816 805 876 selo
822 816 880 876 alio
895 832 944 874 me
957 817 1040 876 istud
1055 819 1136 893 dare,

127 904 217 961 calio
240 900 311 961 olim
333 899 464 957 debitum
481 902 611 960 solvere.
645 901 734 961 Unde
752 901 801 960 isti
816 909 927 960 norunt
941 902 1024 959 illum
1041 919 1136 975 quon·

160 988 228 1043 dam
242 982 357 1057 gloriae
370 983 526 1057 sequentis
541 984 784 1056 sagacissimum,
804 1000 841 1042 eo
853 986 937 1044 voltu
948 985 988 1043 ad
1002 987 1138 1059 pericula

161 1075 296 1138 euntem,
321 1081 382 1140 quo
401 1067 451 1126 alii
470 1083 486 1124 e
505 1067 640 1140 periculo
658 1068 808 1127 redeunti
837 1084 1003 1142 numquam
1025 1069 1138 1130 bonum

161 1168 248 1210 suum
265 1167 282 1208 a
299 1149 419 1222 publico
436 1150 691 1224 distmgnentemt
710 1151 783 1223 Ubi,
800 1151 916 1224 inquis,
933 1151 991 1210 iste
1006 1160 1059 1212 aut
1072 1154 1137 1227 quis

161 1241 228 1294 estt
255 1234 336 1294 unde
351 1250 408 1293 vos
424 1233 531 1292 scitis?
561 1234 653 1307 Apud
674 1249 722 1292 me
737 1235 813 1293 istae
829 1250 1038 1308 expensorum
1053 1251 1138 1296 acce·

161 1327 344 1392 piorumque
358 1319 492 1377 rationes
511 1317 743 1391 dispunguntur.
773 1333 830 1390 ego
853 1318 926 1392 quid
946 1318 995 1378 eui
1012 1319 1139 1379 debeam

161 1401 237 1461 scio.
268 1400 334 1460 aliis
352 1409 422 1474 post
436 1403 557 1473 longam
573 1400 653 1458 diem
668 1416 802 1474 repono,
818 1401 885 1460 aliis
901 1402 930 1459 in
946 1407 1139 1462 antecessum

161 1501 197 1544 ac
210 1485 430 1559 proutoccasio
439 1484 661 1556 etreipublieae
673 1499 759 1542 meae
771 1485 899 1544 facultas
912 1483 1008 1544 tulit.“
1019 1487 1138 1561 Ingrato

162 1583 235 1641 ergo
258 1567 423 1639 aliquando
446 1567 612 1640 quaedam,
637 1567 693 1625 sed
714 1584 773 1626 non
790 1576 915 1642 propter
931 1568 1034 1642 ipsum
1052 1571 1139 1630 dabo.

131 1661 145 1710 1
224 1650 356 1709 XXXIII.
380 1650 485 1723 „Quid
501 1651 543 1722 si,
565 1650 676 1723 inquit,
698 1649 815 1725 nescIS,
838 1659 935 1711 utrum
952 1652 1089 1726 ingratus
1106 1654 1141 1712 sit

164 1751 201 1791 an
214 1740 327 1807 gratus,
344 1734 539 1807 exspectabis
553 1733 652 1792 donec
664 1733 745 1793 scias
759 1751 798 1793 an
810 1734 903 1793 dandi
915 1736 1059 1795 beneficii
1070 1744 1140 1796 tem-

163 1833 222 1890 pus
245 1833 306 1876 non
328 1819 467 1877 amittes?
498 1817 688 1891 Exspectare
710 1819 833 1892 longum
857 1825 918 1890 est,
944 1835 1029 1893 nam,
1050 1828 1085 1880 ut
1105 1821 1140 1878 ait

161 1899 283 1971 Platon,
312 1901 470 1973 „difficilis
492 1901 615 1961 humani
631 1901 720 1960 animi
737 1901 911 1960 coniectura
927 1908 982 1961 est.
1011 1919 1075 1962 non
1092 1919 1139 1962 ex·

130 1990 147 2042 2
162 1991 302 2059 spectare
314 1985 504 2044 temerarium
517 1990 594 2044 est:“
608 1984 685 2043 Huic
697 1984 963 2059 respondebimus
976 2003 1139 2062 numquam

164 2075 347 2141 exspectare
376 2084 435 2128 nos
469 2067 667 2127 certisSImam
700 2084 802 2128 rerum
834 2069 1138 2143 conprehensionem,

166 2151 309 2228 qnoniam
331 2151 361 2208 in
384 2151 479 2210 arduo
504 2160 550 2210 est
574 2152 636 2209 veri
658 2152 844 2226 exploratio,
870 2153 1054 2225 sedeciae,
1083 2168 1137 2229 qua

165 2234 247 2293 ducit
274 2232 340 2292 veri
363 2233 537 2294 similitudo.
573 2234 667 2293 Omne
687 2236 745 2294 hae
766 2236 815 2294 via
836 2236 977 2310 procedit
998 2238 1138 2298 ollicium.

165 2317 209 2373 sie
233 2317 378 2387 serimus,
402 2318 446 2375 sic
467 2318 661 2392 navigamuS,
683 2320 728 2376 sie
750 2320 931 2394 militamuS,
958 2320 1003 2379 sic
1028 2335 1139 2382 uxores

165 2399 320 2471 ducimus,
337 2401 381 2458 sic
397 2400 510 2462 liberos
525 2401 673 2462 tollimus:
689 2418 756 2461 eum
774 2403 907 2461 omnium
921 2403 1031 2463 horum
1048 2405 1138 2463 incer-

97 2512 102 2520 -
164 2489 213 2542 tus
236 2483 275 2543 sit
295 2492 438 2555 eventus
461 2485 500 2543 ad
522 2501 558 2544 ea
578 2484 769 2557 accedimus,
791 2485 830 2544 de
852 2487 962 2560 quibus
977 2486 1060 2546 bene
1076 2502 1137 2562 spc-

164 2567 293 2626 randum
310 2583 380 2626 esse
396 2567 559 2627 credimus.
589 2567 658 2642 quis
674 2569 753 2627 enim
768 2568 930 2642 pollicetur
944 2573 1060 2631 serenti
1074 2584 1139 2646 pro·

166 2657 303 2722 ventum,
334 2651 487 2725 naviganti
512 2658 649 2726 portum,
676 2651 811 2711 militanti
837 2653 1010 2728 victoriam,
1037 2654 1139 2713 marito
1181 2678 1182 2681 ¹

167 2733 308 2806 pudicam
323 2751 465 2807 uxorem,
482 2736 560 2808 patri
574 2736 643 2808 pios
660 2735 795 2795 liberos?
816 2737 973 2810 sequimur
986 2739 1140 2812 quaratiq

135 2824 227 2876 anon
251 2833 311 2892 qna
330 2819 442 2878 veritas
464 2818 563 2877 trahit.
596 2817 766 2892 Exspecta,
793 2827 826 2879 ut
846 2820 999 2879 nisibeno
1015 2836 1140 2881 cessura
1181 2896 1182 2901 ἵ

167 2916 227 2957 non
244 2901 339 2961 iacias
356 2909 386 2960 et
400 2901 458 2960 nisi
476 2907 622 2974 conperta
636 2903 762 2962 veritate
776 2903 850 2961 nihil
865 2904 1015 2963 moveris:
1039 2904 1140 2964 relicto
1181 2928 1182 2968 t

168 2984 248 3042 omni
271 2992 340 3044 actu
355 2985 416 3042 vita
438 2985 586 3044 consistit.
622 2984 693 3043 Cum
715 2985 889 3047 verIsimilia
904 3003 952 3046 me
968 2988 1000 3046 in
1013 2986 1075 3048 hoc
1095 2992 1143 3047 aut

167 3067 196 3125 in
218 3067 292 3126 illud
314 3067 473 3139 inpellant,
496 3084 557 3127 non
577 3082 666 3139 vera,
691 3069 718 3126 ei
732 3069 915 3130 beneficium
930 3069 1027 3144 dabo,
1056 3086 1140 3146 quem

167 3149 333 3208 verisimile
350 3149 406 3208 erit
420 3156 537 3223 gratum
552 3166 633 3210 esse.

136 3240 149 3290 1
228 3231 361 3290 XXXIV.
384 3231 510 3305 ,‚Multa,
526 3234 637 3308 lnquit,
653 3235 866 3309 Intervenient,
884 3242 1009 3311 propter
1022 3252 1104 3312 quae
1117 3243 1142 3294 et
1181 3300 1182 3315 2

167 3315 264 3373 malus
287 3329 342 3389 pro
364 3316 445 3377 bono
467 3318 614 3392 subrepat
635 3325 665 3378 et
684 3319 785 3378 bonus
806 3336 863 3393 pro
878 3323 958 3381 malo
974 3321 1140 3396 displiceat
1181 3375 1182 3383 ,

168 3397 292 3457 fallaces
305 3400 384 3457 enim
400 3408 469 3460 sunt
479 3416 578 3460 rernm
592 3402 729 3476 specles,
745 3403 855 3477 quibus
872 3403 1056 3465 eredimus.“
1074 3402 1141 3480 QuIs
1181 3453 1182 3486 ,
