2364 3840
117 176 160 240 68
382 178 415 236 L.
439 177 584 236 ANNAEl
605 176 782 237 SENECAE

119 331 241 390 modum
260 336 393 403 spectat,
418 328 467 387 eui
490 335 675 403 praestatur,
698 345 757 388 non
781 336 941 389 nostrum=
965 333 1062 408 alioqi

119 414 208 473 nobis
225 413 298 472 illud
315 414 432 472 damus.
469 414 572 485 itaque
587 413 695 485 multa,
719 427 799 487 quae
813 429 970 472 summam
992 416 1062 477 utili

118 505 176 557 tem
193 496 260 556 aliis
276 497 432 566 adierunt,
456 497 552 569 pretio
565 494 691 568 gratiam
707 496 848 569 perdunt.
875 495 1043 559 Mercator
1060 520 1062 525 ·

118 579 208 639 bibus
227 581 371 654 prodest,
395 579 533 638 medicus
555 579 671 653 aegris,
694 594 805 652 mango
829 581 1012 642 venalibus.
1052 601 1062 643 s

119 679 225 724 amnes
241 664 307 732 isti,
332 661 404 735 quia
419 661 458 719 ad
479 663 609 721 alienum
634 662 827 722 commodum
852 679 910 736 pro
934 680 999 726 suo
1023 683 1062 725 ve

119 755 187 819 unt,
208 763 268 806 non
286 745 422 817 obligant
436 759 507 816 eos,
532 745 644 818 qulbus
661 753 798 820 prosunt.
834 746 902 806 Non
920 756 971 808 est
987 749 1062 809 bem

119 832 213 900 cium,
239 828 323 901 qued
343 830 372 885 in
388 836 547 901 quaestum
568 829 700 888 mittitur.
735 830 801 888 Hoc
816 829 898 888 dabo
918 839 952 891 et
978 833 1045 893 hoc

120 913 244 985 alpiam:
267 911 367 970 auctio
383 920 438 970 est.

86 1003 101 1054 1
179 995 258 1053 XIV.
280 994 347 1053 Non
364 994 463 1053 dicam
479 994 636 1067 pudieam,
659 1011 738 1069 quae
753 1004 922 1054 amatorem
938 1006 976 1058 ut
1001 1001 1062 1060 incl

120 1079 206 1137 deret
226 1078 349 1151 repulit,
374 1091 453 1151 quae
478 1085 530 1137 aut
550 1078 650 1151 legem
670 1086 722 1136 aut
743 1079 840 1137 virum
861 1077 982 1155 timuit,
1008 1093 1043 1144 ut

120 1160 262 1220 Ovidius:

224 1245 320 1318 Quae,
342 1248 412 1320 quia
429 1261 487 1305 nen
501 1247 598 1316 licuit,
619 1261 677 1304 non
695 1246 790 1316 dedit,
813 1248 866 1304 illa
881 1247 980 1308 dedit.

118 1328 183 1387 Non
199 1329 337 1388 inmerito
352 1330 381 1387 in
398 1342 556 1387 numerum
572 1329 762 1400 peccantium
777 1330 925 1402 retertur,
946 1350 1036 1406 quae
1054 1353 1062 1409 p

118 1413 251 1470 dicitiam
275 1413 373 1472 timeri
404 1409 569 1485 praestitit,
592 1427 653 1469 non
676 1412 744 1470 sibi.
780 1411 899 1471 Eodem
928 1418 1031 1476 modo
1057 1439 1062 1474 t

86 1494 298 1553 tbeneficium
319 1502 352 1554 ut
378 1494 528 1566 reciperet
550 1492 648 1564 dedit,
672 1512 732 1554 non
754 1494 847 1557 dedit.
883 1495 972 1570 Ergo
992 1509 1025 1559 et
1050 1519 1062 1559 r

117 1577 300 1637 beneficium
317 1577 425 1635 damus
439 1576 634 1648 animalibus,
653 1585 799 1650 quaeant
816 1578 887 1637 usui
906 1589 963 1640 aut
979 1585 1062 1643 alimt

118 1669 148 1720 to
165 1662 264 1719 lutura
278 1659 448 1718 nutrimus?
463 1658 644 1717 beneficium
662 1661 770 1720 damus
784 1661 929 1735 arbustiS,
953 1683 1040 1739 quae
1056 1686 1062 1724 t

119 1744 222 1811 limus,
245 1759 284 1802 nc
300 1743 435 1803 siccitate
452 1748 504 1801 aut
525 1742 628 1802 inmoti
645 1751 675 1802 et
693 1745 823 1818 neglecti
844 1745 903 1803 soli
928 1747 1051 1810 duritia

117 1826 246 1886 borentt
280 1826 376 1886 Nema
398 1827 435 1886 ad
458 1842 564 1899 agrum
588 1828 749 1886 colendum
771 1844 810 1886 ex
836 1844 940 1902 aequo
967 1841 1000 1892 et
1022 1835 1062 1894 bo

117 1909 201 1969 venit
221 1926 277 1971 nee
299 1911 338 1969 ad
359 1912 449 1970 ullam
472 1926 550 1983 rem,
576 1911 662 1969 euius
678 1918 763 1969 extra
784 1909 883 1984 ipsam
899 1914 1028 1976 fructus
1051 1934 1062 1976 ε

87 1995 167 2053 and
181 1993 365 2054 beneficium
382 1995 517 2054 dandum
539 2010 600 2052 non
623 1993 746 2052 adducit
768 1995 912 2068 cogitatio
931 2013 1062 2061 avarar

118 2080 258 2151 sordida,
281 2079 336 2136 sed
353 2078 501 2145 humana,
525 2077 672 2149 liberalis,
689 2077 818 2150 cupiens
834 2078 909 2136 dare
925 2082 1025 2141 etiam
1040 2101 1062 2144 er

67 2208 69 2213 .
118 2162 236 2221 dederit
251 2170 281 2219 et
295 2176 409 2233 augere
429 2160 517 2218 novis
540 2173 575 2216 ae
594 2160 769 2219 recentibus
789 2168 909 2232 vetera,
927 2180 1031 2225 unum
1055 2169 1063 2225 l

117 2246 194 2303 bens
211 2243 417 2318 propositum,
437 2248 549 2315 quanto
565 2240 593 2299 ei
609 2243 656 2300 eui
672 2252 807 2317 praestat
820 2244 904 2303 bono
924 2247 1037 2310 lutura
1054 2268 1062 2310 ε

119 2326 253 2400 alioquin
279 2327 392 2386 humile
414 2335 476 2399 est,
497 2324 564 2384 sine
586 2326 692 2399 laude,
717 2327 783 2386 sine
804 2326 902 2401 gloria
930 2334 1059 2403 prodes

87 2418 104 2470 4
119 2410 190 2485 quia
205 2411 338 2485 expedit.
368 2409 444 2482 Quid
460 2409 612 2482 magnifici
627 2416 674 2468 est
689 2425 723 2468 se
739 2426 855 2482 amare,
879 2411 942 2471 sibi
959 2431 1062 2489 parce

119 2494 176 2553 sibi
192 2495 373 2569 acquireret
395 2492 433 2552 ab
450 2492 591 2552 omnibus
607 2492 672 2550 istis
687 2509 761 2551 vera
774 2493 917 2564 beneficii
934 2498 1038 2560 dandi
1057 2521 1062 2560 t

119 2576 191 2651 pido
207 2584 329 2650 avocat,
351 2578 390 2636 ad
406 2577 616 2634 detrimentum
633 2577 742 2634 iniecta
757 2592 849 2636 manu
868 2577 966 2640 trahit
981 2591 1016 2642 et
1027 2594 1062 2645 ut

118 2667 195 2720 tates
210 2662 354 2734 relinquit
366 2660 436 2733 ipso
448 2658 658 2718 benefaciendi
674 2674 769 2733 opere
783 2659 964 2722 laetissima.

85 2755 100 2806 1
179 2744 245 2801 XV.
266 2743 418 2816 Numquid
442 2742 565 2800 dubium
587 2749 649 2814 est,
678 2743 750 2816 quin
767 2742 919 2803 contraria
941 2750 984 2808 sit
1010 2752 1062 2811 ber

118 2824 188 2883 ficio
205 2825 334 2883 iniuriat
367 2823 527 2897 Quomodo
549 2824 689 2884 iniuriam
713 2827 814 2885 lacere
836 2842 892 2900 per
917 2845 955 2889 se
977 2834 1062 2894 vitan

118 2923 154 2965 ae
177 2906 321 2980 fugienda
345 2923 395 2967 res
421 2914 483 2979 est,
507 2908 552 2967 sie
573 2909 753 2968 beneficium
775 2909 848 2968 dare
864 2927 920 2984 per
945 2931 982 2973 se
1008 2934 1062 2994 exp

118 2991 220 3050 tenda.
257 2989 322 3049 lllie
338 2994 402 3063 [nil]
418 2994 573 3067 turpitude
590 3000 696 3052 centra
712 2993 812 3051 emnia
827 2998 969 3067 praemia
989 2999 1024 3059 in
1040 3020 1062 3062 st

119 3075 165 3133 lus
180 3072 331 3133 hortantia
347 3077 441 3134 valet=
465 3076 577 3135 adhoc
592 3075 698 3134 invitat
713 3075 833 3135 honesti
855 3093 911 3151 per
927 3097 965 3139 se
988 3087 1062 3145 etflc

85 3171 102 3223 2
118 3156 251 3231 species.
274 3159 340 3218 Non
356 3160 497 3233 mentiar,
514 3159 540 3220 si
556 3159 663 3219 dixero
680 3158 831 3219 neminem
846 3177 907 3221 non
925 3171 1062 3228 amaret

118 3241 228 3299 neficia
243 3258 313 3317 sua,
336 3245 486 3303 neminem
508 3260 569 3303 nen
591 3244 630 3302 ita
652 3243 845 3316 conpositum
865 3245 987 3323 animo,
1014 3261 1050 3312 ut

116 3323 239 3384 bentius
260 3341 329 3386 eum
344 3329 460 3398 uideat,
477 3328 507 3384 in
530 3341 620 3400 quem
649 3327 741 3385 multa
761 3329 933 3400 congessit,
959 3335 1014 3394 cui
1041 3355 1060 3395 n

118 3423 212 3468 causa
241 3411 279 3470 sit
304 3412 412 3473 iterum
435 3409 527 3469 dandi
552 3409 693 3469 beneficii
720 3411 813 3469 semel
834 3411 974 3475 dedisse.
1017 3438 1061 3495 qu
