2346 3832
245 99 296 159 ΒΕ
308 99 520 160 BENEFlCllS
543 101 688 164 LlB.Vll.
712 109 846 164 16--1a
976 101 1037 165 147

58 258 106 310 εει
122 249 154 309 ιιι
170 249 255 324 quod
272 249 386 309 debeas
401 248 444 324 ei,
460 250 546 309 cuius
559 259 620 323 εει,
637 249 750 310 volenti
762 251 844 310 dare.
872 251 931 311 hoc
943 271 1036 313 unum

58 333 129 393 mihi
148 333 367 408 praestandum
385 339 441 392 cst.
475 334 515 393 Ut
530 333 651 408 quidem
667 334 778 394 habeat
793 334 876 409 quod
891 352 909 395 a
924 351 972 394 me
987 352 1036 394 ac·

50 419 155 493 cepit,
179 416 239 475 iam
253 416 404 476 ulterioris
417 424 464 476 est
475 433 575 477 curae.
598 433 658 476 non
670 420 793 476 tutelam
805 419 860 491 illi,
877 420 931 477 sed
944 418 1036 477 fidem

57 501 172 574 debeo,
193 500 351 574 multoque
370 500 467 568 satius
488 508 534 561 εει
554 501 636 560 illum
658 518 718 561 non
738 501 852 560 habere
874 519 964 576 quam
987 518 1035 560 me

56 601 118 644 non
129 583 273 644 reddere.
299 583 338 643 Et
349 582 492 643 creditori
503 585 602 645 statim
614 585 642 642 in
655 586 815 644 macellum
826 586 933 659 laturo,
950 586 1031 661 quod
1049 595 1067 649 3

58 668 228 743 acceperit,
255 666 392 727 reddam.
420 667 553 727 etiamsi
575 668 645 726 mihi
661 669 844 739 adulteram,
869 670 917 729 cui
932 684 1034 728 nume-

56 768 130 824 rem,
147 751 336 825 delegaverit
350 751 478 811 solvam.
504 759 534 810 et
548 753 574 810 si
589 752 740 824 nummos
757 768 835 827 quos
850 754 987 828 accipiet,
1004 754 1034 811 in

58 838 159 896 sinum
181 850 270 893 suum
293 833 423 894 discinct
412 841 460 894 uts
482 835 601 909 lundet,
624 836 714 894 dabo.
743 837 933 896 reddendum
956 837 1035 896 enim

56 919 129 977 mihi
152 924 215 992 εει,
238 933 299 976 non
320 919 520 989 servandum,
544 934 612 978 cum
626 919 805 993 reddidero
828 928 890 980 act
878 921 1034 980 tuendum

56 1000 200 1062 beneficii
213 1002 340 1075 accepti,
360 1018 419 1060 non
432 1001 541 1060 redditi
554 1001 725 1061 custodiam
737 1002 845 1062 debeo
868 1005 938 1063 dum
952 984 1034 1078 apud

57 1103 105 1145 me
127 1092 190 1157 εει,
219 1085 338 1144 salvum
359 1085 414 1145 ειι·
437 1093 585 1160 ceterum,
609 1086 678 1145 licet
699 1085 876 1159 accipientis
894 1086 1034 1146 manibus

56 1168 164 1228 eltilua
152 1175 178 1237 ι,
203 1169 336 1227 dandum
353 1176 400 1227 est
414 1132 597 1243 reposcenti.
623 1169 720 1228 reddo
737 1168 835 1243 bono,
856 1186 923 1230 cum
940 1185 1033 1244 expe-

57 1253 133 1324 diet,
158 1253 254 1325 malo,
279 1267 347 1311 cum
370 1260 460 1327 petet.
503 1254 609 1326 „Tale,
638 1253 749 1327 inquit,
776 1253 817 1312 illi
840 1254 1066 1325 beneficium,4

58 1338 149 1410 quale
164 1336 326 1410 accepisti,
347 1353 407 1397 non
426 1343 513 1410 potes
528 1336 673 1395 reddere:
697 1336 843 1409 accepisti
859 1339 938 1397 enlm
954 1355 971 1396 a
985 1354 1032 1396 sa·

57 1421 174 1493 piente,
197 1421 289 1480 stulto
305 1420 441 1479 reddis.“
476 1420 553 1478 Non.
574 1421 672 1479 reddo
688 1419 744 1491 illi,
766 1422 856 1494 quale
872 1437 953 1481 nunc
967 1428 1033 1495 pot-

57 1511 104 1563 est
130 1504 282 1577 accipere.
314 1519 371 1561 nec
392 1519 449 1577 per
468 1519 516 1561 me
536 1503 583 1576 fit,
613 1504 696 1578 quod
719 1504 852 1564 deterius
874 1505 920 1576 id,
951 1504 1032 1579 quod

57 1585 180 1660 accepi,
204 1586 348 1659 reddam,
373 1587 429 1646 sed
450 1601 505 1660 per
526 1585 618 1645 illum.
654 1587 720 1660 Cui,
744 1587 770 1645 si
793 1588 831 1647 ad
854 1587 1034 1664 sapientiam

56 1668 196 1742 redierit,
222 1669 349 1727 reddam
371 1669 460 1744 quale
476 1673 611 1744 [acccpss.
640 1670 711 1728 dum
726 1670 756 1727 in
772 1672 874 1744 malis,
897 1672 1033 1742 reddam,

58 1756 148 1828 qualo
165 1753 270 1813 abillo
286 1759 387 1827 potest
401 1753 508 1828 accipi.
545 1752 658 1826 „Quid,
681 1752 791 1826 inquit,
808 1751 835 1811 si
847 1770 907 1811 non
920 1759 1065 1813 tantuma

56 1839 156 1896 malus
173 1837 271 1895 lactus
288 1843 348 1909 est,
371 1837 426 1895 sed
443 1837 542 1910 serus,
566 1836 621 1895 sed
634 1834 779 1909 inmanis,
796 1837 894 1910 qualis
907 1837 1033 1909 Apollo·
1068 1903 1070 1906 .

57 1921 152 1980 doras
167 1927 219 1981 aut
233 1917 383 1979 Phalaris:
406 1927 437 1979 et
449 1919 520 1978 huic
534 1918 731 1990 beneficium,
757 1919 840 1994 quod
856 1933 1042 1991 acceperas,

56 2004 219 2063 ιειιιιεειιι
255 2002 451 2083 Mutationem
474 2002 621 2078 sapientis
643 2010 754 2062 tantam
775 2011 882 2063 natura
902 2016 963 2062 non
980 2018 1033 2077 pa-

55 2088 134 2146 titur.
157 2103 227 2146 nam
242 2087 271 2145 in
288 2087 423 2161 pessima
437 2087 475 2145 ab
489 2087 611 2161 optimis
623 2089 729 2161 lapsus
742 2103 872 2147 neccsse
885 2093 932 2146 cst
944 2087 1034 2146 etiam

56 2171 84 2229 in
102 2171 182 2229 malo
199 2170 330 2244 vestigia
344 2169 417 2230 boni
432 2175 541 2228 teneat.
560 2187 728 2245 numquam
743 2179 858 2230 tantum
869 2171 965 2230 virtus
980 2186 1032 2228 ex-

56 2253 228 2328 stinguitur,
251 2260 284 2312 ut
305 2269 365 2312 non
383 2253 528 2313 certiores
544 2255 644 2314 animo
660 2262 747 2314 notas
762 2255 916 2329 inprimat,
942 2269 1031 2328 quam

56 2345 88 2397 ιιι
109 2338 179 2403 illas
199 2336 306 2396 eradat
324 2339 386 2396 ulla
407 2337 541 2397 mutatio.
583 2337 679 2397 Ferae
700 2339 778 2397 inter
803 2353 859 2396 nos
886 2337 1064 2396 educataeti
1096 2342 1098 2346 ‘

56 2426 136 2480 sunt.
158 2419 187 2479 in
201 2420 296 2480 silvas
309 2428 490 2496 emperant:
508 2421 623 2495 aliquid
635 2421 875 2480 mansuetudinis
886 2418 1033 2492 pristinae

55 2503 188 2562 retinent
199 2510 377 2579 tantumque
389 2521 407 2564 a
417 2503 633 2578 placidissimis
644 2503 761 2575 absunt,
775 2501 1033 2576 quantumaveris

56 2586 129 2646 seris
140 2593 172 2646 et
182 2603 348 2661 numquam
360 2587 522 2647 humanam
535 2604 656 2648 manum
669 2581 896 2661 passissshemo
909 2585 939 2643 in
952 2601 1033 2643 sum·

56 2687 134 2730 mam
158 2670 324 2745 nequitiam
344 2671 463 2745 incidit,
492 2671 542 2744 qni
563 2686 707 2745 umquam
731 2670 830 2730 haesit
856 2668 1033 2742 sapientiae.
1140 2689 1143 2698 ·

10 2773 15 2790 ·
56 2755 145 2814 ειιιιιε
169 2755 300 2814 ιιιιεειιιε
321 2762 383 2828 εει,
406 2769 499 2830 'quam
521 2763 554 2814 ut
574 2770 613 2812 ex
634 2760 697 2813 toto
719 2753 777 2813 clui
799 2761 827 2814 ει
848 2752 976 2812 transire
1004 2753 1033 2810 in

56 2838 191 2899 colorem
204 2839 316 2897 malum
328 2838 436 2913 possit.
466 2836 582 2897 Deinde
595 2838 758 2911 interrogo,
769 2844 869 2897 utrum
882 2837 938 2896 iste
951 2838 1034 2896 lorus
1049 2845 1065 2900 7

56 2921 95 2981 sit
115 2921 217 2982 animo
239 2927 352 2982 tantum
374 2938 412 2980 an
434 2926 464 2979 et
478 2921 506 2977 in
524 2919 688 2995 pernicicm
703 2922 854 2994 publicam
871 2926 1034 2980 excurrat?

54 3003 248 3081 Proposuisti
270 3006 349 3064 enim
370 3003 441 3063 mihi
462 3004 685 3077 Apollodorum
712 3012 742 3064 ει
766 3004 905 3063 Phalarin
929 3009 1032 3080 tyran·
1068 3075 1072 3082 f

55 3106 142 3164 num,
169 3104 298 3165 quorum
321 3089 347 3148 si
367 3096 504 3148 naturam
525 3088 616 3146 habet
636 3087 679 3144 int
668 3093 712 3146 tra
734 3104 768 3147 εε
789 3086 900 3160 malus,
928 3085 1032 3160 quiidnl

56 3188 112 3271 ego
132 3173 183 3233 isli
204 3171 385 3232 beneficium
401 3186 490 3231 suum
505 3170 645 3241 reddam,
669 3187 708 3229 ne
724 3171 797 3246 quid
812 3169 883 3228 mihi
899 3185 967 3227 cum
983 3169 1033 3225 illo

55 3256 128 3317 iuris
150 3258 190 3317 sit
204 3256 358 3330 amplius?
394 3255 425 3316 Si
442 3268 515 3314 vero
531 3253 679 3328 sanguine
693 3255 825 3314 humano
842 3268 902 3311 non
918 3257 1030 3310 tantum
1046 3255 1064 3308 8

55 3341 182 3414 gaudet,
205 3338 262 3398 sed
283 3341 435 3413 pascitur,
459 3337 515 3396 sed
531 3345 560 3397 ct
578 3337 737 3411 suppliciis
754 3337 885 3398 omnium
901 3319 1032 3391 aetatum

55 3424 264 3485 crudelitatem
285 3423 486 3484 insatiabilem
507 3428 644 3492 exercet
668 3436 725 3478 nec
746 3421 789 3478 ira
795 3408 866 3533 sed
889 3412 1032 3472 aviditate

812 3509 844 3560 10
