2364 3840
135 172 199 236 1⁹0
422 169 455 227 L.
476 167 622 227 ΑΝΝΑΕΙ
647 165 823 227 SENECAE

131 327 168 398 fit
185 324 221 384 oh
240 321 507 382 dessimiiitndinem
526 319 654 378 ochum.
676 314 794 392 ocare?
814 319 895 378 atioe
908 321 1052 379 maiomm
1066 323 1113 380 si·

133 424 204 468 nunt
217 407 338 479 hebent,
355 407 434 464 etiae
447 406 598 463 minorem.
626 408 754 462 ceteram
769 404 822 461 ille
837 404 879 462 or's
892 405 1033 477 expressi
1045 406 1113 478 spi-

132 493 209 551 ritns
228 492 306 563 ieme
325 494 382 558 est,
403 490 456 561 qni
468 486 683 559 [nannents
697 501 801 545 nomen
814 485 916 558 hehet,
939 489 998 546 teri
1011 489 1113 562 inpetu

134 590 276 636 accensus
296 579 325 632 et
343 587 448 630 oenus.
483 571 558 629 Arte
584 575 682 628 cutem
703 570 834 629 videmur
849 568 1003 642 sulporem
1023 586 1113 644 quern

133 673 236 719 sonum
250 656 422 724 audientes,
437 656 508 726 puio
521 655 672 713 oculorum
685 655 811 713 reluctor
824 658 1026 714 senesceret
1037 657 1112 713 ettad⁴

134 748 194 801 tum
210 756 299 799 eures
312 738 468 797 antecedit.

106 840 121 894 l
195 823 273 881 Xlll.
295 821 417 879 Falsum
443 817 616 892 opinionem
643 833 715 879 esse
740 833 861 893 eorum,
886 817 939 893 qui
960 820 1060 894 ignem
1081 821 1112 879 in

135 905 267 966 nubibus
292 909 431 972 servant,
454 903 623 976 permulta
644 902 745 976 colligi
766 909 875 976 potest.
907 901 941 962 Si
962 902 1002 961 de
1023 904 1112 963 coelo

136 987 231 1059 cadit,
253 986 409 1060 quomodo
431 1001 491 1044 non
508 985 620 1045 cotidie
635 985 682 1058 fit,
704 1001 771 1044 cum
787 985 972 1045 tantumdem
988 1001 1113 1061 semper

135 1072 195 1130 illic
209 1071 336 1130 ardeat?
366 1067 485 1129 Deinde
496 1069 609 1128 nuliam
623 1070 770 1128 rationem
784 1068 1001 1142 reddiderunt,
1017 1086 1112 1144 quare

134 1155 228 1229 ignis,
245 1170 336 1228 quem
349 1161 457 1215 natura
469 1169 591 1213 sursum
603 1160 707 1222 vocat,
724 1151 849 1212 defluat.
872 1151 931 1212 ulia
942 1151 1024 1213 enim
1040 1169 1112 1214 cou-

135 1239 215 1298 dicio
237 1246 411 1298 nostrorum
431 1237 545 1312 ignium
566 1244 628 1309 est,
651 1235 824 1309 exquibus
845 1235 966 1296 favillae
987 1237 1110 1308 cadunt,

136 1338 216 1397 quac
237 1322 384 1397 ponderis
405 1321 519 1395 aliquid
541 1334 645 1379 secum
660 1319 786 1379 habeut=
812 1318 854 1378 ita
870 1335 931 1380 non
950 1321 1113 1382 descendit

105 1406 229 1480 cignis,
251 1406 309 1466 scd
334 1405 552 1481 praecipitatur
568 1409 598 1462 et
618 1401 780 1465 diducitur.
818 1402 896 1462 Huic
918 1404 1018 1464 simile
1039 1405 1112 1467 nihil

134 1490 243 1551 accidit
257 1489 287 1549 in
303 1491 354 1549 iilo
369 1489 439 1562 igne
456 1486 662 1561 purisssimo,
678 1487 707 1545 in
730 1501 791 1560 quo
807 1485 880 1545 nihil
897 1496 946 1548 est
961 1488 1111 1563 quodue

39 1611 48 1626 .
134 1574 295 1648 primatum
310 1578 362 1632 aut
375 1571 401 1631 si
412 1572 473 1630 utta
487 1586 559 1645 pars
574 1568 641 1628 cius
654 1570 816 1643 exciderit,
831 1571 861 1629 in
876 1572 1016 1645 periculo
1029 1579 1112 1632 totus

135 1665 196 1724 est,
226 1657 298 1729 quia
325 1662 419 1715 totum
449 1661 551 1728 potest
581 1655 739 1727 excidere,
773 1655 857 1728 quod
881 1662 986 1728 potest
1016 1655 1111 1729 carpi.

133 1738 251 1800 Deinde
265 1739 353 1808 iilud,
370 1737 454 1813 quod
469 1739 580 1798 cadere
595 1738 701 1798 levitas
718 1737 872 1812 prohibet,
889 1735 994 1799 *iliud
1009 1755 1067 1799 suo
1081 1737 1110 1797 in

134 1821 317 1882 abscondito
332 1829 427 1882 tenet:
452 1837 546 1896 grave
562 1822 717 1896 quomodo
734 1821 793 1880 illic
805 1837 877 1882 esse
893 1823 1007 1897 potuit,
1028 1823 1110 1882 unde

105 1907 279 1968 sorderent
302 1951 320 1979 ‚,
330 1904 408 1979 Quid
425 1913 525 1979 ergon
544 1921 605 1966 nou
619 1904 713 1979 atiqui
727 1906 816 1979 ignes
831 1903 861 1964 in
879 1903 1026 1966 inferiora
1040 1906 1110 1965 ierri

137 1991 251 2063 soient,
267 1989 347 2050 sicut
362 1991 439 2050 haec
453 1989 537 2064 ipsa,
552 1991 592 2049 de
608 1988 721 2064 quibus
735 1988 926 2063 quaerimus,
942 1990 1110 2049 iuimiuat“

134 2073 257 2134 Fate0r=
276 2089 336 2133 non
349 2078 421 2133 eunt
433 2081 546 2147 tamen,
559 2074 614 2133 sed
626 2074 771 2132 seruntur.
794 2073 895 2146 aliqua
906 2087 962 2132 eos
974 2073 1110 2146 potentia

135 2157 290 2230 deprimit,
307 2171 387 2230 quae
403 2172 462 2215 non
477 2164 524 2215 est
537 2156 567 2214 in
583 2155 715 2215 aethere.
741 2155 814 2215 nihil
828 2156 909 2215 enim
923 2155 985 2215 iiiic
1001 2156 1110 2216 iniuria

108 2239 271 2312 tcogitur,
283 2238 356 2297 nihii
367 2237 531 2312 rumpitur,
543 2237 616 2296 nihii
627 2245 749 2311 praeter
764 2239 886 2298 solitum
897 2238 1014 2300 eveniar
1032 2239 1109 2301 ordo

134 2337 235 2380 rerum
257 2328 355 2381 estet
373 2327 520 2395 purgatus
541 2321 620 2396 ignis
640 2321 670 2379 in
693 2323 833 2382 custodia
853 2321 958 2383 mundi
974 2339 1110 2384 summas

135 2404 259 2466 sonitus
281 2420 353 2465 oras
376 2403 480 2478 operis
500 2404 702 2479 pulcherrime
717 2406 861 2465 circumit.
889 2406 959 2466 hinc
981 2407 1109 2467 descen·

134 2490 208 2549 dere
228 2506 288 2550 non
314 2495 429 2563 potest,
455 2489 511 2549 scd
533 2505 572 2549 ne
591 2490 630 2549 ab
655 2497 781 2549 externo
803 2491 926 2564 quidem
951 2491 1109 2564 conprimi,

135 2572 208 2649 quia
226 2574 256 2632 in
273 2573 395 2633 aethere
410 2573 482 2633 nulli
497 2574 612 2634 incerto
627 2572 751 2647 corpori
765 2574 866 2633 iocus:
889 2579 971 2633 certa
983 2580 1014 2634 et
1028 2574 1108 2634 ordi·

134 2665 205 2717 nata
219 2673 280 2718 non
298 2665 443 2732 pugnant.

108 2753 121 2804 1
195 2741 275 2800 XIV.
302 2742 410 2815 „Vos,
439 2739 552 2815 inquit,
579 2739 693 2813 dicitis,
718 2755 787 2800 cum
813 2755 925 2801 causas
951 2741 1108 2800 stellarum

132 2826 385 2885 transvolantium
404 2824 548 2895 redditis,
575 2838 670 2896 posse
695 2823 816 2898 aliquas
843 2824 921 2882 aeris
943 2831 1050 2897 partes
1070 2823 1107 2883 ad

134 2924 168 2968 se
183 2907 303 2968 trahere
317 2908 418 2978 ignem
432 2920 471 2963 ex
485 2905 563 2965 iocis
576 2906 788 2980 superioribus
806 2907 917 2966 ardore
938 2914 969 2966 ct
990 2907 1036 2967 sic
1058 2921 1106 2966 ac·

133 2991 255 3051 cendi.“
270 2989 330 3048 Sed
344 2987 505 3060 plurimum
518 2988 658 3061 interest,
673 2997 772 3049 utrum
788 2989 898 3065 aliquis
911 2990 993 3051 dicat
1006 2989 1107 3065 ignem

133 3090 172 3133 ex
193 3071 315 3130 aethere
336 3066 495 3142 decidere,
525 3073 607 3144 quod
629 3080 736 3132 natura
750 3089 810 3133 non
825 3074 951 3148 patitur,
975 3089 1014 3133 an
1028 3073 1108 3132 dicat

133 3171 172 3213 ex
193 3153 284 3225 ignea
304 3150 333 3208 vi
355 3150 487 3209 calorem
509 3151 540 3210 in
561 3170 612 3226 ea,
636 3171 715 3227 quae
731 3156 902 3228 subiacent,
926 3156 1106 3217 transsilire.

131 3251 191 3295 non
208 3234 289 3304 enim
300 3233 381 3291 illinc
396 3232 474 3305 ignis
490 3235 585 3308 cadit,
602 3240 686 3310 quod
701 3255 761 3299 non
773 3247 876 3314 potest
889 3240 970 3313 fieri,
986 3239 1107 3300 sedhic

102 3315 274 3378 enascitur.
301 3314 452 3374 Videmus
474 3323 554 3375 certe
575 3321 656 3391 apud
678 3337 736 3382 nos
759 3324 818 3383 late
839 3323 982 3384 incendio
997 3337 1107 3398 perva-=

130 3409 222 3476 gante
242 3399 390 3476 quasdam
410 3398 541 3470 insulas,
570 3417 650 3474 quae
671 3403 723 3475 diu
749 3409 981 3480 emortuarum,
1009 3419 1106 3465 exse
