2364 3840
306 202 448 262 unrua.
464 201 625 275 onnusu.
647 201 754 260 uren.
777 210 802 262 5.
817 211 844 264 s.
1004 202 1064 266 171

87 357 191 418 situel
218 353 301 428 atqui
322 351 406 427 ipsa,
428 352 566 427 quamvis
589 369 648 412 non
671 353 824 426 videatur,
850 360 912 413 est:
942 363 1067 429 ergoet

87 441 184 500 color.
221 437 265 496 Ita
280 442 341 496 est:
365 441 500 508 [nonest]
519 444 728 509 argumentum
746 435 815 494 falsi
831 437 959 511 coloris,
982 440 1066 512 quod

87 524 242 598 adparere
256 519 472 579 accedentibus
488 519 608 578 desinit.
637 520 717 579 idem
732 519 811 600 enirn
827 520 857 578 in
872 521 949 594 ipsis
964 523 1067 581 evenit

61 674 63 679 ,
88 605 241 677 nubibus,
257 617 315 661 nec
330 602 400 663 idco
416 602 512 661 salsae
528 610 611 675 sunt,
628 603 700 676 quia
714 619 775 663 non
790 604 939 663 videntur.
974 604 1106 669 Prae-ll

89 699 174 749 terea
195 703 264 748 cum
285 685 394 745 dicitur
413 685 482 756 tibi,
505 686 615 745 nubem
637 688 704 745 sole
720 703 792 746 esse
807 687 981 761 suffectam,
1004 705 1065 749 non

89 771 202 831 dicitur
221 769 289 842 tibi,
311 770 445 829 colorem
465 769 546 827 illum
567 770 700 829 inustum
722 786 793 831 esse
808 772 890 830 velut
905 772 981 830 duro
998 787 1065 832 eor-

88 856 159 930 pori
180 869 216 913 ae
238 852 337 912 stabili
357 867 394 910 ac
408 852 555 922 manenti,
579 853 635 911 sed
650 860 683 912 ut
697 853 792 914 lluido
808 862 839 913 et
853 870 932 928 vago
949 863 979 913 et
993 855 1066 913 nihil

89 937 222 1012 amplius
244 951 335 1010 quam
358 935 482 994 brevem
508 937 643 1008 speciem
668 938 835 1011 recipienti.
876 937 953 998 Sunt
976 938 1065 997 ctiam

90 1022 216 1096 quidam
237 1021 373 1093 colores,
397 1019 449 1093 qui
470 1033 508 1076 ex
528 1019 685 1079 intervallo
708 1021 769 1078 vim
784 1037 870 1080 suem
886 1022 1065 1081 ostendunt:

89 1119 259 1180 purpuram
269 1101 399 1178 Tyriam,
416 1118 477 1176 quo
490 1102 596 1160 melior
607 1103 806 1176 saturiorque,
824 1118 860 1161 eo
874 1105 962 1163 altius
976 1120 1065 1179 opor-

90 1195 131 1247 tet
145 1195 265 1256 lenem,
285 1193 318 1244 ut
332 1186 480 1259 fulgorem
496 1202 585 1245 suum
599 1193 708 1244 teneat.
729 1202 789 1246 non
804 1192 904 1244 tamen
921 1187 990 1246 ideo
1003 1204 1065 1247 non

88 1269 183 1330 habet
203 1270 337 1328 colorem
352 1268 417 1340 illa,
442 1269 514 1352 quia
529 1284 610 1342 quae
624 1269 769 1342 optimum
783 1268 889 1341 habel,
912 1286 972 1338 non
990 1286 1065 1343 quo-

88 1353 318 1426 modocumque
344 1351 514 1425 explicatur
539 1353 681 1411 ostendit.
725 1353 758 1410 ln
784 1353 892 1411 eadem
917 1353 1108 1419 sententiam

90 1453 160 1498 sum
175 1451 236 1510 qua
249 1434 448 1506 Posidonius,
465 1443 499 1494 ut
511 1451 614 1494 arcum
626 1437 756 1495 iudicem
768 1436 834 1494 lieri
845 1435 925 1495 nube
938 1438 1067 1495 formata

89 1522 119 1580 iu
135 1520 259 1579 modum
276 1517 405 1577 concavi
420 1519 538 1591 speculi
553 1527 582 1578 et
595 1521 731 1592 rotundi,
748 1521 796 1579 cul
810 1522 907 1578 torma
920 1518 960 1578 sit
970 1519 1066 1594 partis

89 1603 185 1678 epila
200 1608 293 1661 secta.
313 1601 373 1661 lroc
388 1601 526 1675 probari,
545 1603 602 1660 nisi
616 1612 790 1676 geometrae
801 1602 987 1672 adiuverint‚
1005 1619 1066 1662 non

88 1692 208 1762 potest,
232 1685 284 1759 qui
304 1686 490 1757 argumentis
512 1685 584 1744 nihil
599 1687 681 1744 dubii
698 1686 938 1761 relinquentibus
955 1687 1067 1746 docent

56 1816 62 1827 .
90 1769 167 1830 solis
183 1768 263 1827 illam
280 1783 351 1827 csse
366 1768 496 1841 effigiem
512 1784 572 1827 non
590 1769 727 1827 similem.
758 1785 858 1844 neque
873 1773 953 1829 enim
965 1768 1066 1830 omnia
1074 1777 1108 1831 14

90 1853 243 1913 adversus
265 1853 393 1926 specula
412 1852 616 1925 respondent=
639 1859 709 1910 sunt
724 1867 803 1925 quae
822 1853 926 1911 videre
941 1855 1066 1911 extime-

91 1952 177 1998 scas:
201 1935 390 1994 delonnitate
411 1941 494 1994 tanta
508 1942 681 2008 corruptam
696 1933 805 1992 taciem
821 1935 981 1994 visentium
995 1935 1065 1993 red-

91 2020 167 2081 dunt
182 2024 304 2079 servata
319 2017 512 2077 similitudine
524 2018 553 2075 in
566 2018 663 2091 peius.
687 2024 758 2077 sunt
769 2033 848 2091 quae
861 2033 929 2077 aum
940 2016 1065 2090 videriS,

90 2105 215 2179 placere
229 2100 282 2161 tibi
296 2102 377 2160 vires
393 2107 462 2160 tuae
479 2100 613 2175 possint:
635 2103 665 2159 in
681 2108 796 2161 tantum
810 2103 914 2161 lacerti
926 2106 1067 2160 crescunt

91 2194 121 2246 et
139 2185 233 2246 totius
255 2185 395 2258 corporis
410 2200 504 2258 supra
519 2185 680 2243 humanam
695 2184 931 2258 magnitudinem
945 2184 1065 2244 habitus

92 2276 229 2344 nugetur.
259 2274 330 2327 sunt
349 2283 428 2343 quae
447 2268 570 2327 dextras
587 2268 682 2327 lacios
698 2269 875 2342 ostendant,
899 2276 970 2329 sunt
987 2283 1066 2343 quae

91 2352 248 2424 sinistras,
277 2357 348 2411 sunt
369 2367 447 2423 quae
468 2351 669 2425 detorqueant
689 2360 719 2412 et
736 2359 865 2412 vertant.
900 2352 976 2425 Quid
992 2366 1065 2424 ergo

90 2438 201 2495 mirum
216 2443 262 2494 est
277 2434 429 2494 eiusmodi
443 2434 602 2507 speculum
622 2437 650 2494 in
666 2436 747 2495 nube
763 2451 887 2509 quoque
902 2436 982 2507 fieri,
1004 2448 1065 2508 quo

92 2519 168 2580 solis
184 2517 305 2593 species
321 2518 430 2577 vitiosa
444 2518 610 2577 reddatur?

153 2603 207 2661 vt.
233 2602 314 2660 lnter
333 2609 434 2660 cetera
455 2610 632 2674 argumenta
653 2608 682 2660 et
700 2601 761 2661 hoc
781 2601 848 2672 erit,
873 2598 957 2671 quod
979 2611 1093 2664 num-1

92 2701 185 2760 quam
207 2685 303 2745 maior
324 2700 414 2745 arcus
436 2685 559 2746 dimidio
581 2685 694 2744 circulo
713 2683 841 2757 adparet
861 2689 890 2740 et
910 2698 947 2741 eo
967 2681 1066 2740 minor

91 2777 154 2841 est,
179 2784 241 2844 quo
257 2768 345 2829 altior
361 2769 418 2827 sol.
454 2768 493 2828 Ut
508 2769 549 2828 alt
563 2769 715 2842 Vergilius
731 2773 850 2826 noster:
967 2807 971 2825 t

456 2858 485 2910 et
497 2852 680 2926 contingens
927 2847 932 2853 ’

244 2951 342 3006 orcus,

92 3034 161 3078 curn
176 3018 319 3077 adventat
339 3016 450 3077 imber:
474 3018 604 3077 sednon
621 3018 760 3088 easdem,
783 3019 998 3092 undecumque
1013 3016 1065 3074 ad-

92 3100 207 3176 paruit,
228 3102 326 3161 minas
342 3102 453 3169 adfert:
477 3117 494 3160 a
510 3103 637 3161 meridie
653 3108 737 3160 ortus
749 3119 888 3176 magnam
902 3103 959 3160 vim
972 3117 1066 3173 aqua-

92 3201 158 3244 rum
173 3185 274 3245 vehet.
300 3184 382 3244 vinci
403 3186 482 3243 enim
504 3201 565 3243 non
582 3192 745 3259 potuerunt
760 3187 967 3245 valentissimo
984 3184 1065 3241 sole:

91 3276 207 3328 tanturn
222 3267 281 3328 illis
297 3276 344 3328 est
359 3269 476 3328 virium.
504 3269 530 3327 si
545 3269 626 3327 circa
641 3285 784 3328 occasum
800 3269 931 3346 refulsit,
954 3265 1067 3325 rorabit

92 3359 121 3411 et
134 3352 243 3412 leviter
256 3353 379 3426 inplnet.
403 3351 430 3411 si
445 3352 483 3411 ab
499 3359 565 3412 ortu
581 3353 701 3411 circaue
713 3353 858 3423 surrexit,
874 3365 984 3409 serena
995 3362 1065 3421 pro·

92 3435 221 3496 mittunt.
256 3435 376 3508 „Quare
395 3442 510 3510 tamon,
534 3435 560 3494 si
580 3436 680 3508 imago
697 3435 771 3494 solis
786 3440 833 3492 est
849 3448 954 3503 arcus,
976 3431 1096 3501 longer
