2364 3840
277 180 418 241 NATUR.
437 181 598 254 QUAEST.
620 182 754 241 LlB.Vi.
776 191 891 246 7—10.
1009 183 1075 248 279

96 328 225 391 halreant
240 330 319 389 enim
335 338 456 405 oportet
470 331 607 405 pluribus
622 331 698 391 lucis
714 347 856 406 sparsum
872 331 1028 393 humorem
1042 339 1073 394 et

93 413 124 475 in
141 415 201 473 into
218 421 371 487 coactum,
392 423 425 474 ut
441 421 579 474 eructare
594 420 677 475 tantu
692 413 798 489 inpetu
813 416 943 490 possint.

156 498 205 557 tx.
228 498 358 572 Ignem
380 513 533 557 eausam
553 505 678 558 motus
698 498 851 571 quidam
867 505 903 559 et
919 498 1095 574 quidem}

93 598 165 641 ηοη
190 581 235 641 ab
257 582 425 641 eamdem
447 597 603 642 causam
622 581 814 642 iudicant:
835 581 973 657 inprimis
987 587 1069 643 Ana·

92 681 242 739 xagaras,
271 664 323 739 qui
344 662 497 725 existimat
522 665 630 738 „simili
653 681 752 739 paene
773 682 812 725 ex
833 682 928 726 causa
949 674 979 726 et
999 671 1071 727 aera

93 747 215 809 concuti
238 755 268 807 et
286 756 412 820 terram,
439 764 509 808 cum
529 749 558 807 in
580 750 723 809 interiore
737 759 823 824 parte
844 751 970 825 spiritus
986 767 1070 811 cras·

93 849 160 893 sum
182 835 252 891 atra
274 839 303 891 et
323 833 352 890 in
374 831 471 892 nubes
494 839 632 892 coactum
647 835 755 893 eadem
771 834 815 907 vi,
840 851 901 908 qua
914 835 997 909 apud
1012 852 1069 895 nos

93 931 219 991 quoque
235 916 339 975 nubila
353 913 451 989 frangi
466 916 580 988 solent,
603 918 714 991 rumpit
728 925 758 976 et
772 918 851 992 ignis
868 935 906 978 ex
920 917 980 978 hac
998 935 1068 979 con·

92 999 153 1059 lisu
173 997 298 1058 nubium
319 1015 475 1074 cursuque
489 999 555 1058 elisi
571 999 651 1059 aeris
666 999 797 1061 emicuit.
821 1001 871 1061 hic
887 1002 1000 1078 ipsein
1016 1002 1069 1063 ob-

93 1083 142 1142 via
161 1082 286 1141 incurrit
301 1083 416 1143 exitum
431 1082 583 1156 quaerens
599 1099 635 1142 ac
651 1083 765 1143 divellit
778 1085 995 1161 repugnantia,
1015 1088 1069 1147 do-

92 1181 150 1225 nec
171 1181 225 1240 per
246 1173 375 1240 angusta
392 1175 443 1226 aut
458 1174 564 1226 nactus
580 1176 627 1226 est
641 1167 721 1226 viam
736 1168 870 1227 exeundi
885 1170 924 1227 ad
941 1172 1069 1244 coelum,

91 1257 144 1309 aut
159 1251 188 1308 vi
200 1257 229 1309 et
243 1249 352 1309 iniuria
370 1251 468 1310 lecit.“
500 1251 559 1310 Alii
575 1252 604 1309 in
622 1252 691 1324 igne
707 1266 832 1310 causam
849 1252 973 1324 quidem
988 1258 1099 1327 essen

92 1333 148 1394 scd
165 1350 226 1393 nun
243 1332 281 1394 ab
296 1333 356 1396 hoc
370 1333 519 1406 iudicant,
541 1336 597 1394 sed
614 1334 683 1408 quia
699 1335 838 1408 pluribus
852 1335 980 1395 obrutus
992 1335 1067 1396 lacis

92 1417 198 1477 ardeat
216 1425 247 1476 et
266 1418 406 1492 proxima
428 1433 569 1491 quaeque
592 1425 759 1479 consumat.
794 1434 873 1493 quae
896 1418 1067 1493 siquando

91 1515 187 1560 exesa
202 1500 380 1573 ceciderint,
400 1508 472 1561 ωηο
488 1502 575 1575 sequi
588 1510 700 1562 mutum
713 1517 816 1562 earum
826 1502 971 1577 partium,
988 1518 1068 1579 quae

92 1582 237 1644 subiectis
253 1583 444 1644 adminiculis
460 1585 621 1644 destitutae
636 1585 752 1658 labant,
777 1587 876 1647 donec
889 1594 1068 1648 corruerunt

91 1668 174 1727 nullo
197 1675 389 1740 occurrente,
413 1669 496 1742 quod
518 1684 596 1728 unus
619 1670 788 1742 exciperet:
812 1679 882 1730 tunc
901 1670 1066 1744 chasmate,

91 1758 162 1810 tunc
177 1750 276 1811 hiatus
291 1751 370 1810 vasti
383 1752 566 1826 aperiuntur,
590 1759 655 1824 aut,
679 1768 747 1811 cum
769 1753 821 1812 diu
843 1753 1066 1826 dubitaverunt,

91 1849 187 1908 super
202 1850 239 1894 ea
254 1850 302 1907 se,
328 1850 406 1909 quae
422 1841 587 1908 supersunt
601 1841 757 1909 stantque,
783 1845 969 1910 conponunt.
1001 1838 1096 1902 Ηοο3

91 1918 174 1992 apud
195 1934 252 1980 nos
275 1919 560 1992 quoquevidemus
583 1919 737 1989 accidere,
761 1918 903 1992 quotiens
926 1921 1066 1981 incendic

91 2001 209 2060 laborat
229 2017 302 2076 pars
326 2000 470 2061 civitatis=
496 2017 564 2063 cum
585 2009 713 2061 exustae
728 2001 829 2062 trabes
846 2011 918 2063 sunt
932 2010 985 2062 aut
1001 2019 1066 2063 cor-

90 2092 195 2160 rupta,
220 2100 299 2158 quae
316 2085 527 2160 superioribus
544 2085 765 2146 firmamentum
775 2086 906 2160 dabant,
929 2094 1000 2146 tunc
1015 2087 1068 2147 diu

91 2168 201 2242 agitata
223 2169 341 2242 fastigia
359 2168 524 2230 concidunt
538 2175 568 2228 et
583 2169 711 2229 tamdiu
726 2169 902 2231 deferuntur
917 2177 1008 2244 atque
1022 2169 1066 2229 in·

91 2257 174 2313 certa
189 2259 274 2325 sunt,
295 2253 394 2312 donec
409 2254 438 2312 in
455 2253 555 2313 salida
570 2253 760 2313 resederunt.

153 2334 189 2393 X.
219 2335 425 2396 Anaximenes
447 2343 578 2408 „terram
597 2338 698 2410 ipsam
720 2338 761 2396 ait
782 2337 841 2397 sibi
857 2354 929 2397 esse
943 2351 1094 2414 causaml

91 2424 191 2477 nictus
207 2434 264 2477 nec
276 2420 467 2480 extrinsecus
482 2418 651 2493 incurrere,
668 2421 751 2494 quad
763 2420 845 2479 illam
856 2420 995 2496 inpellat,
1011 2421 1068 2480 sed

91 2500 168 2560 intra
188 2500 287 2575 ipsam
308 2508 338 2561 et
356 2518 395 2562 ex
417 2503 495 2577 ipsa.
524 2503 672 2578 quasdam
689 2503 770 2562 enim
786 2509 888 2576 partes
903 2505 969 2563 eius
985 2503 1067 2562 deci-

91 2585 179 2657 dere,
204 2601 281 2658 quas
302 2592 355 2644 aut
374 2586 483 2646 humor
504 2589 665 2648 resolverit
685 2593 737 2646 aut
757 2585 837 2660 ignis
861 2584 1000 2645 exederit
1016 2593 1068 2650 ant

90 2667 216 2741 spiritus
232 2669 374 2728 violentia
389 2671 571 2731 excusserit.
598 2671 653 2729 sed
668 2668 716 2728 his
733 2684 856 2744 quoque
872 2668 1066 2729 cessantibus

90 2766 151 2810 non
164 2750 291 2825 deesse,
309 2760 434 2827 propter
447 2754 528 2827 quod
541 2753 816 2828 aliquidabscedat
828 2760 879 2813 aut
888 2752 1066 2813 revellatur:

90 2849 159 2893 nam
176 2834 304 2908 primum
326 2837 427 2895 omnia
445 2844 596 2897 vetustate
619 2837 760 2897 labuntur
774 2837 1007 2912 necquicquam
1022 2843 1096 2896 tut

90 2923 150 2978 tum
169 2934 187 2976 a
201 2927 359 2979 senectute
373 2926 430 2980 est.
452 2919 529 2980 llaec
543 2920 642 2980 solida
655 2937 780 2995 quoque
792 2928 821 2979 et
833 2919 936 2994 magni
946 2919 1067 2980 roboris

89 3001 202 3074 carpit=
222 3000 325 3076 itaque
336 3004 590 3077 quemadmodum
602 3003 633 3063 in
646 3003 794 3065 aedificiis
807 3003 962 3065 veteribus
973 3019 1067 3080 quae·

89 3084 159 3142 dam
180 3101 241 3144 ηοη
263 3101 413 3158 percussa
433 3095 531 3147 tamen
554 3088 711 3162 decidunt,
737 3104 805 3149 cum
828 3089 896 3163 plus
918 3086 1065 3162 ponderis

89 3165 225 3227 lralruere
241 3185 331 3242 quam
348 3171 469 3243 virium,
492 3172 532 3231 ita
547 3172 576 3230 in
593 3171 652 3231 hac
666 3172 812 3232 universo
824 3181 923 3232 terrae
936 3185 1065 3244 corpore

88 3251 204 3324 evenit,
220 3258 253 3311 ut
267 3259 370 3327 partes
389 3254 454 3313 eius
471 3263 620 3314 vetustate
636 3256 802 3328 solvantur,
823 3258 942 3316 solutae
954 3252 1066 3314 cadant

88 3340 118 3392 ct
133 3339 294 3395 tremorem
309 3338 520 3409 superioribus
538 3339 689 3414 adierant,
708 3341 853 3413 primum,
869 3340 939 3398 dum
956 3337 1064 3396 absce-

88 3415 171 3476 dunt.
209 3417 279 3480 nihil
307 3419 387 3478 enim
407 3421 511 3495 utique
532 3437 674 3495 magnum
701 3423 767 3482 sine
792 3430 875 3482 motu
902 3421 984 3492 eius,
1015 3417 1063 3478 cui
