2364 3840
116 188 180 253 144
422 189 455 246 L.
477 187 621 245 nnnnltt
643 186 818 245 SENECAE

115 344 194 402 cium
209 341 367 412 redderet,
389 339 504 398 obstitit
520 337 561 395 illi
582 336 711 395 felicitas
732 345 799 395 tua:
826 335 900 395 nihil
917 336 1022 396 incidit
1034 337 1083 397 du·

113 428 193 498 rius,
210 424 294 499 qued
307 439 410 482 veram
421 419 581 480 amicitiam
594 420 794 494 experiretur.
817 420 963 493 locupleti
977 420 1082 479 donare

114 526 176 569 non
193 508 305 583 potuit,
322 523 399 565 sano
416 505 574 573 adsidere,
592 504 672 562 lclici
691 518 885 562 succurrere:
903 503 1030 576 gratiam
1041 519 1079 563 re

113 592 194 664 tulit,
210 590 328 651 etiamsi
349 598 380 648 tu
395 588 576 647 beneficium
593 603 654 646 non
666 587 819 660 recepisti.
845 586 1010 647 Praeterea
1021 586 1082 647 nuic

114 678 247 735 intentus
262 688 384 746 semper
398 679 428 730 et
441 671 531 729 huius
546 672 589 729 rei
603 678 724 744 tempus
739 668 905 744 opperiens
922 671 976 744 qui
989 671 1019 729 in
1032 670 1082 729 hoc

115 761 241 818 multum
257 772 363 829 curae,
386 756 511 813 multum
529 755 698 814 sedulitatis
714 752 865 828 inpendit,
887 754 959 827 plus
974 753 1081 813 labora·

83 844 158 902 avit
182 857 271 914 quam
299 839 347 897 cui
373 839 432 896 cito
460 839 574 896 relerre
600 838 727 911 gratiam
753 837 886 910 contigit.
941 836 1081 897 Debitoris

116 923 290 997 exemplum
315 920 463 980 dissimile
484 928 544 993 est,
564 923 611 980 cui
633 937 738 995 parum
753 930 801 981 est
823 920 986 994 pecuniam
1000 935 1081 996 quae·

116 1008 212 1078 sisse,
239 1005 298 1063 nisi
318 1004 420 1064 solvit.
452 1004 512 1063 illic
538 1006 618 1063 enim
639 1012 699 1063 stat
724 1005 854 1064 acerbus
881 1019 978 1077 super
1002 1010 1082 1079 eaput

117 1090 264 1161 creditor,
287 1089 337 1163 qui
361 1090 475 1148 nullum
497 1088 578 1150 diem
600 1088 694 1162 gratis
718 1088 859 1147 occidere
876 1086 1023 1162 patiaturs
1041 1086 1081 1145 hic

115 1172 372 1248 benignissimus,
395 1173 447 1247 qui
469 1188 538 1232 cum
552 1179 581 1231 te
594 1171 703 1230 viderit
718 1178 952 1232 concursantem
968 1178 999 1231 et
1012 1170 1080 1231 solli·

117 1259 208 1318 citum
224 1265 316 1332 atque
331 1257 470 1325 anxium,
487 1256 582 1315 dicat=

356 1342 441 1403 Mitte
457 1342 537 1399 banc
554 1341 591 1398 de
605 1349 725 1413 pectore
738 1354 853 1399 caram.

118 1426 225 1485 desine
245 1425 298 1484 tibi
318 1424 465 1483 molestus
484 1424 608 1481 instare.
630 1422 732 1482 omnia
746 1438 765 1480 a
778 1430 807 1480 te
821 1420 933 1482 habeo.
955 1422 1082 1481 iniuriam

118 1509 190 1567 mihi
211 1509 303 1581 laciS,
326 1508 354 1566 si
374 1522 422 1564 me
444 1508 607 1580 quicquam
624 1506 755 1579 amplius
772 1503 951 1565 desiderare
965 1504 1083 1564 iudicas.

85 1592 296 1665 6plenissime
321 1591 360 1648 ad
385 1605 433 1647 me
458 1590 597 1662 pervenit
621 1589 739 1648 animus
759 1597 838 1648 tuus.
870 1590 964 1663 „Sta
990 1587 1083 1663 inquit

118 1674 191 1732 mibi
204 1673 253 1746 [si]
269 1673 400 1733 rediisse
417 1672 598 1731 beneficium
614 1673 747 1744 dicereS,
770 1672 853 1730 illum
868 1673 998 1747 gratiam
1014 1668 1082 1730 r'etu·

119 1757 216 1815 lisset
245 1756 364 1816 Eodem
384 1772 458 1830 ergo
481 1758 550 1816 loco
573 1766 635 1825 est,
663 1757 715 1830 qui
739 1755 873 1816 reddidit
899 1764 930 1817 et
956 1756 1007 1831 qui
1030 1769 1083 1813 non

118 1839 296 1900 1111111111ιῖιι
330 1839 441 1900 Contra
459 1856 540 1899 ntrne
561 1840 636 1899 illud
658 1855 755 1913 pone:
778 1839 804 1897 si
819 1839 932 1899 oblitus
947 1847 1084 1899 essetae·

119 1925 199 1999 cepti
213 1923 368 1997 beneficii,
385 1925 412 1984 si
428 1939 484 1982 nee
497 1930 675 1997 temptasset
688 1922 810 1997 quidem
822 1931 929 1995 gratus
944 1938 1026 1993 esse,
1041 1935 1084 1980 ne

118 2024 209 2081 gares
224 2007 307 2068 illum
322 2009 448 2081 gratiam
462 2008 614 2067 retulisse.
643 2015 673 2066 at
694 2006 742 2064 hic
763 2021 798 2064 se
813 2004 923 2066 diebus
940 2007 1084 2066 noctibus-

119 2108 178 2164 que
205 2091 330 2150 lassavit
355 2098 384 2149 et
412 2090 553 2163 omnibus
580 2089 647 2148 aliis
667 2088 850 2149 renuntiavit
871 2090 1000 2164 ciliciis,
1025 2088 1085 2149 huic

119 2173 170 2231 uni
186 2173 336 2231 inminens
352 2180 381 2231 et
397 2179 556 2246 operatus,
572 2188 611 2230 ne
627 2189 735 2247 quase
751 2174 869 2246 lugeret
884 2174 1026 2233 occasio=
1041 2188 1085 2231 ee

119 2255 189 2312 dem
211 2270 283 2327 ergo
304 2257 373 2314 loco
395 2263 482 2314 crunt
502 2256 565 2329 ille,
589 2256 639 2328 qui
661 2272 764 2315 curam
783 2256 967 2317 referendae
980 2256 1086 2331 gratim

119 2336 237 2410 abiecit,
254 2347 283 2398 et
301 2339 361 2409 hic,
375 2336 427 2410 qui
442 2355 606 2413 numquam
622 2339 659 2397 ab
674 2340 726 2399 illa
738 2341 889 2400 recessit?
908 2340 1037 2415 Iniquus
1048 2354 1085 2411 es,

120 2420 144 2477 si
160 2435 224 2478 rem
239 2436 257 2479 a
272 2436 320 2479 me
335 2421 448 2495 exigis,
466 2438 534 2480 cum
550 2423 655 2481 videas
670 2424 803 2483 animum
820 2440 881 2484 non
898 2423 1046 2485 deluisse.

87 2508 103 2558 1
180 2504 246 2563 XV.
268 2505 317 2564 Ad
333 2521 479 2564 summam
494 2512 580 2580 puta,
604 2521 671 2565 cum
688 2516 796 2582 captus
812 2523 916 2581 ossea,
938 2523 988 2566 me
1003 2521 1086 2581 peec-

118 2587 199 2646 niam
219 2597 384 2649 mutuatum
404 2589 497 2648 rebus
517 2588 639 2648 maisin
656 2590 847 2649 securitatem
863 2590 1026 2651 creditoris
1041 2589 1086 2650 ob

118 2670 229 2742 positis
249 2674 414 2747 navigasse
436 2672 535 2731 hieme
550 2682 609 2732 tam
625 2690 719 2733 saeva
734 2690 790 2748 per
803 2674 915 2734 intesta
929 2671 1087 2735 latrociniis

118 2753 221 2825 litora,
246 2770 402 2816 emensum
424 2756 571 2830 quicquid
593 2757 718 2831 periculi
737 2757 858 2815 adferre
881 2757 1088 2831 potestatium

118 2842 261 2908 pacatum
281 2854 373 2898 mare.
406 2841 575 2915 peragratis
602 2839 742 2901 omnibus
768 2840 1001 2915 solitudinibuS,
1026 2853 1088 2900 cum

118 2933 200 2992 quos
220 2934 310 2980 nemo
331 2939 392 2981 non
412 2924 547 2997 fugiebat
561 2939 618 2997 ego
635 2939 828 2997 quaererem,
850 2924 974 2983 tandem
995 2923 1036 2983 ad
1048 2921 1087 2997 pi-

116 3008 201 3063 rates
224 3006 360 3075 perveni.
394 3013 424 3065 et
444 3008 501 3065 iam
525 3014 553 3065 te
576 3007 653 3066 alius
678 3008 865 3067 redemerat:
891 3008 1088 3082 negabisne

157 3084 245 3145 aliam
268 3087 432 3146 retulisset
462 3090 591 3149 etiamne
616 3091 642 3149 si
662 3089 693 3149 in
713 3091 764 3151 illa
783 3090 980 3165 navigatione
1002 3106 1087 3165 pecu·

185 3184 215 3243 1,
232 3182 325 3243 quam
339 3170 431 3229 saluti
445 3178 515 3232 tuae
530 3181 755 3248 contraxeram,
770 3176 938 3248 naufragus
953 3173 1089 3249 perdidit

193 3264 248 3313 nnc
267 3248 296 3311 si
316 3250 346 3311 in
359 3254 491 3329 vincula,
503 3273 582 3329 quae
597 3257 756 3317 detrahere
770 3258 823 3318 tibi
837 3258 936 3331 volui,
957 3259 1029 3335 ipse
1048 3258 1088 3315 in·

181 3346 197 3397 1
223 3332 352 3407 negabis
371 3352 421 3395 me
440 3340 582 3399 retulisse
597 3340 747 3414 gratiam?
777 3348 818 3401 At
831 3341 986 3401 mehercle
999 3340 1088 3401 Athe

121 3436 241 3485 ntenses
250 3416 449 3479 Harmodium
463 3428 493 3479 et
503 3424 739 3498 Aristogitonem
750 3424 960 3500 tyrannicidas
971 3431 1089 3495 vocant,

257 3524 261 3555 t
280 3516 389 3565 manus
407 3504 438 3563 in
453 3503 555 3564 hostili
576 3522 629 3566 ara
642 3507 747 3567 relicta
761 3508 856 3567 instar
871 3506 968 3569 occisi
982 3508 1077 3569 Perse
