2364 3840
152 199 194 261 42
438 200 469 257 L.
493 200 638 258 nltn'nut
663 198 839 259 SENECAE

120 351 253 412 edicunt
273 349 440 409 adduxisse
463 348 624 408 niortenttt
651 348 734 407 llaec
755 349 824 424 quis
840 348 1044 413 aestimabat
1066 352 1128 431 quta

154 433 351 493 dissimilibus
367 432 524 492 beneficiis
540 432 654 493 iubebit
669 432 819 492 beneficia
829 433 978 508 pensari?
1005 436 1130 507 ,nonan

153 519 205 578 tibi
226 520 376 578 domum:‘
405 516 483 588 „sod
504 531 561 588 ego
583 523 661 575 tuam
686 532 782 590 supra
803 523 832 575 te
851 532 945 576 ruere
961 521 1130 593 praedixi“

153 601 241 677 ‚Dedi
260 601 312 660 tibi
338 599 575 674 patrinroniunn‘
604 599 681 671 „sed
706 615 764 674 ego
790 600 940 675 naufrago
968 603 1130 664 tabulam.“

153 684 299 759 ,Pugnavi
327 699 381 757 pro
407 689 436 741 te
456 690 486 740 ct
502 683 627 741 volnera
642 683 783 757 excepiz‘
808 690 865 755 „at
885 698 946 758 ego
970 687 1070 748 vitam
1085 689 1130 749 tibi

153 769 274 829 silentio
296 766 398 825 dedi.“
430 765 503 824 Cum
523 767 609 825 aliter
624 766 806 826 beneficium
829 766 933 841 detur,
956 770 1052 830 aliter
1068 774 1126 833 red·

153 855 254 923 datur,
280 849 364 923 paria
380 850 480 909 lacere
496 848 620 909 difficile
637 858 693 909 cst.

123 947 137 998 1
214 936 250 993 X.
275 933 363 993 Dies
388 941 595 1008 praeterea
617 933 813 994 beneficio
833 934 1043 998 reddendo
1063 955 1129 998 uon

154 1017 311 1091 dicitur,
328 1017 408 1078 sicut
422 1019 571 1091 pecuniae
583 1018 726 1078 creditae.
750 1018 852 1092 itaque
869 1026 973 1093 potest
992 1023 1049 1097 qui
1062 1038 1131 1083 nou·

154 1103 225 1162 dum
241 1100 373 1161 reddidit
385 1103 525 1162 reddere.
543 1102 592 1160 dic
604 1101 683 1161 enim
695 1103 773 1160 intra
787 1102 871 1175 quod
882 1109 1011 1178 tempus
1024 1106 1130 1182 depre

153 1185 1131 1260 hendaturingratus.Maximabeneficiaprobationeu

154 1288 225 1331 non
247 1271 404 1343 babent,
427 1286 522 1345 saepe
537 1270 615 1329 intra
630 1270 749 1330 tacitam
768 1271 897 1330 duorum
909 1274 1131 1335 conscientiam

153 1357 254 1417 latent.
291 1373 329 1414 an
345 1355 404 1415 hoc
420 1355 606 1426 inducimus,
630 1360 741 1414 utnon
764 1354 872 1415 demus
895 1355 1057 1419 beneficia
1072 1360 1131 1419 sinc

124 1447 249 1501 ateste?
288 1440 401 1513 Quam
432 1437 575 1496 deinde
599 1453 762 1512 poenam
786 1439 956 1512 ingratis
985 1443 1130 1503 consti·

153 1526 318 1585 tuimnst
338 1537 431 1580 unam
449 1520 603 1593 omnibuS,
629 1537 696 1580 cum
718 1522 854 1596 disparia
876 1522 1033 1584 beneficia
1056 1527 1132 1587 sintt

154 1625 192 1667 an
214 1606 406 1679 inaequalem
431 1613 461 1663 et
482 1620 537 1679 pro
564 1605 713 1679 cuiusque
736 1604 886 1665 beneficio
909 1607 1065 1669 maiorem
1086 1616 1132 1669 aut

153 1692 323 1749 minorem?
345 1688 427 1762 Age,
447 1688 524 1748 intra
541 1689 700 1762 pecuniam
716 1689 887 1749 versabitur
900 1692 1037 1751 taxatio:
1064 1692 1132 1769 quid

155 1774 238 1848 quod
259 1773 410 1847 quaedam
432 1773 510 1831 vitae
531 1771 680 1831 beneficia
699 1779 770 1833 sunt
790 1780 820 1832 et
840 1773 957 1833 maiora
972 1776 1062 1835 vitat
1090 1776 1132 1835 his

154 1872 234 1932 quae
249 1856 491 1931 pronuntiabitur
509 1863 629 1930 poena?
651 1857 748 1916 minor
759 1855 932 1917 beneficio?
948 1858 1064 1933 iniqua
1080 1867 1132 1921 est

154 1958 210 2016 par
225 1949 254 2001 et
270 1940 429 2014 capitatist
458 1941 531 2015 quid
557 1940 749 1999 inhumanius
772 1957 864 2014 quam
890 1950 1041 2004 cruentos
1066 1958 1133 2005 esse

152 2026 371 2085 beneficiorum
384 2025 506 2083 exitus?
614 2022 625 2041 ‘

123 2121 137 2173 l
215 2111 264 2167 Xl.
288 2107 514 2181 „Quaedam
537 2107 650 2180 inquit,
669 2106 879 2182 privilegia
896 2111 1134 2182 parentibus

154 2195 242 2252 data
264 2196 360 2250 sunt.
385 2191 541 2263 quomodo
557 2190 664 2249 horum
681 2199 767 2251 extra
783 2192 921 2252 ordinem
934 2191 1047 2254 habita
1058 2196 1133 2256 ratio

154 2281 214 2346 est,
231 2275 276 2332 sic
291 2273 418 2331 aliorum
435 2289 558 2348 quoque
574 2274 789 2335 beneficiorum
804 2275 910 2335 haberi
925 2275 1056 2337 debet.“
1082 2280 1134 2339 Pa·

153 2364 270 2416 rentum
293 2356 503 2417 condicionem
525 2359 727 2431 sacravimus,
753 2359 824 2433 quia
845 2356 1035 2433 expediebat
1061 2363 1136 2423 libe·

152 2458 206 2501 ros
232 2441 311 2501 tolli:
335 2441 516 2501 sollicitandi
542 2443 581 2502 ad
605 2443 686 2503 hunc
708 2443 846 2502 laborem
871 2449 958 2502 erant
984 2442 1136 2507 incertam

154 2525 263 2587 adituri
280 2525 440 2585 fortunam.
477 2542 538 2585 non
555 2533 674 2601 poterat
692 2527 750 2586 illis
773 2526 847 2599 dici,
872 2525 956 2615 ᾳῳᾱ
977 2525 1136 2591 beneficia

153 2610 295 2672 dantibus
312 2608 435 2669 diciturz
459 2611 528 2684 „cui
543 2611 599 2669 des
615 2611 702 2686 elige.
720 2610 788 2683 ipse
803 2617 918 2683 tecum,
935 2610 963 2669 si
978 2611 1135 2688 deceptus

153 2710 196 2768 es
214 2709 352 2768 querere.
369 2691 493 2767 dignum
509 2694 650 2752 adiuva.“
671 2694 700 2751 in
716 2693 820 2754 liberis
835 2695 979 2754 tollendis
995 2696 1077 2756 nihil
1091 2699 1135 2758 iu-

154 2778 233 2836 dicio
249 2777 417 2836 tollentium
431 2778 516 2836 licet:
532 2783 595 2837 tota
607 2792 656 2835 res
669 2776 731 2836 voti
744 2784 806 2838 est:
822 2779 924 2853 itaque
936 2784 970 2838 ut
981 2781 1136 2855 aequiore

153 2860 253 2919 animo
280 2862 398 2920 adirent
424 2861 536 2933 aleam,
565 2860 666 2918 danda
692 2860 751 2919 illis
774 2861 876 2935 aliqua
902 2868 1044 2934 potestas
1070 2865 1135 2924 luit.

121 2949 137 3000 2
151 2945 267 3004 Deinde
289 2944 348 3003 alia
367 2943 506 3003 condicio
523 2949 571 3002 est
587 2950 761 3016 parentum,
782 2945 834 3018 qui
848 2945 1000 3004 beneficia
1017 2949 1135 3020 quibus

153 3030 316 3100 dederunt,
332 3028 404 3086 dant
420 3024 615 3085 nihilominus
631 3027 792 3100 daturique
805 3034 889 3099 sunt,
913 3043 970 3086 nec
986 3037 1038 3090 est
1052 3032 1135 3106 peri-

153 3115 268 3183 culum,
294 3125 331 3168 ne
358 3109 483 3168 dedisse
504 3110 590 3182 ipsos
613 3110 804 3169 mentiantur.
844 3112 874 3169 in
891 3110 1003 3172 ceteris
1023 3114 1134 3189 quaeri

153 3195 243 3255 debet
258 3209 319 3252 non
336 3199 451 3251 tantum
465 3208 504 3249 an
520 3193 706 3267 receperint,
722 3193 831 3252 sedan
848 3193 1003 3255 dederint:
1019 3195 1134 3261 horum

152 3277 182 3336 in
199 3277 342 3334 confesso
358 3274 465 3335 merita
479 3285 558 3334 sunt.
589 3283 619 3336 et
633 3277 705 3350 quia
718 3277 791 3337 utile
811 3285 859 3337 est
879 3277 1030 3339 iuventuti
1056 3283 1132 3358 regi,

153 3358 344 3433 inposuimus
366 3359 407 3416 illi
429 3358 518 3433 quasi
539 3360 726 3421 domesticos
747 3361 957 3436 magistratuS,
979 3364 1040 3423 sub
1055 3383 1133 3441 quo·

120 3453 217 3504 arum
244 3442 384 3501 custodia
409 3440 625 3503 contineretur.
667 3445 784 3504 Deinde
811 3445 944 3505 omnium
965 3454 1133 3521 parentum
