2364 3840
292 184 343 244 nx
363 184 576 246 BENEFICIIS
597 186 668 244 LlB.
681 187 733 246 lV.
755 196 888 252 35-38.
1035 190 1077 256 83

104 339 262 400 cuiusdam
274 336 451 398 MacedonIs
464 339 611 413 expulsus
624 346 679 399 εει.
703 340 786 414 quod
797 348 829 399 ut
841 341 1007 403 nuntiatum
1020 354 1075 418 est,

99 422 289 495 accucurrit,
305 421 443 495 spiritum
458 421 524 481 eius
539 423 709 495 recollegit,
726 423 755 481 in
772 424 873 482 villam
889 425 971 484 illum
989 440 1075 488 suam

97 506 271 579 transtulit,
294 505 406 564 lectulo
427 520 485 564 suo
507 505 613 578 cessit,
640 505 790 566 adiectum
807 508 1076 585 semianimemque

96 588 265 663 recreavit,
291 588 400 648 dicbus
425 589 546 662 triginta
569 590 700 664 inpenso
724 606 782 650 sua
803 593 935 664 curavit,
961 588 1076 669 reiecit,

96 674 210 734 viatico
231 671 387 745 instruxit,
409 672 539 733 subinde
560 674 723 732 dicentem:
746 676 898 748 „gratiam
917 674 971 736 tibi
996 679 1074 736 reto*

96 773 179 831 ram,
205 756 310 815 videre
331 762 445 816 tantum
459 755 531 814 mihi
546 757 758 831 imperatorem
773 774 872 818 meum
889 762 1075 834 contIngat.“

95 840 240 900 Narravit
257 838 398 915 Philippo
423 840 612 914 naufragium
632 857 736 913 suum,
762 842 907 902 auxilium
932 845 1025 904 tacuit
1045 851 1106 907 ctu

96 925 238 1000 protinus
259 922 357 996 petiit,
383 930 415 983 ut
436 922 493 983 sibi
516 924 673 983 cuiusdam
696 926 822 998 praedin
841 926 978 987 donaret.
1020 929 1073 987 ille

97 1007 223 1082 quidem
238 1013 303 1066 erat
316 1006 432 1082 hospes
448 1007 514 1066 eius
535 1007 561 1066 is
582 1007 699 1081 ipse,·a
715 1024 775 1080 quo
792 1018 935 1084 receptus
952 1019 1030 1085 erat,
1055 1028 1074 1070 a

97 1108 161 1167 quo
188 1098 322 1151 sanatus.
354 1091 449 1151 Multa
472 1090 590 1150 interim
614 1105 705 1163 reges
731 1092 761 1150 in
788 1092 867 1151 bello
895 1095 1073 1167 praesertim

96 1175 214 1250 opertis
231 1174 327 1234 oculis
343 1175 465 1234 donant.
495 1191 555 1234 non
572 1173 686 1233 sufficit
698 1173 789 1233 homo
805 1175 902 1237 iustus
918 1183 961 1235 tot
975 1193 1071 1236 arma·

96 1259 136 1318 tls
152 1254 380 1333 cupiditatibus.
403 1274 463 1318 non
478 1265 581 1333 potest
593 1256 755 1331 quisquam
769 1258 877 1318 eodem
891 1267 1029 1333 tempore
1043 1267 1073 1319 et

95 1340 212 1402 bonum
229 1341 325 1400 virum
347 1349 376 1401 et
397 1342 509 1401 bonum
532 1342 639 1401 ducem
656 1357 756 1415 agere.
790 1343 944 1419 quomodo
960 1350 1002 1402 tot
1017 1343 1071 1401 mi-

93 1425 138 1484 lia
152 1423 308 1486 hommum
327 1426 508 1484 insatiabilia
530 1425 740 1485 sedabuntur?
761 1426 833 1502 quid
855 1425 1022 1499 habebunt,
1044 1426 1070 1485 si

95 1524 188 1570 suum
210 1508 340 1583 quisque
354 1508 513 1569 habuerit?
543 1509 627 1568 Haec
640 1508 799 1584 Philippus
816 1510 874 1569 sibi
890 1509 978 1582 dixit,
1002 1523 1103 1576 cuma

93 1592 178 1652 illum
196 1590 299 1652 induci
316 1594 346 1652 in
360 1592 441 1652 bona
458 1608 536 1667 quae
551 1593 672 1666 petebat
685 1594 784 1655 iussit.
810 1595 966 1669 Expulsus
980 1594 1069 1653 bonis

95 1675 162 1736 suis
183 1676 233 1734 ille
253 1692 315 1736 non
330 1683 362 1736 ut
375 1676 509 1736 rusticus
524 1676 662 1735 IniurIam
677 1678 785 1738 tacitus
801 1679 881 1750 tulit,
898 1684 1068 1749 contentus

95 1760 180 1834 quod
201 1774 262 1819 non
283 1760 400 1834 etipse
420 1760 551 1819 donatus
568 1768 663 1834 esset,
685 1762 741 1820 sed
755 1761 893 1836 Philippo
908 1763 1070 1835 epistulam

94 1842 221 1902 strictim
246 1858 282 1902 ac
303 1843 467 1903 liberaliter
487 1844 618 1918 scripsit.
661 1860 721 1917 qua
743 1852 869 1918 accepta
890 1845 930 1902 ita
946 1845 1068 1917 exarsit,

94 1933 130 1986 ut
145 1927 244 1986 statim
258 1925 427 1986 Pausaniae
442 1927 612 1998 mandaret,
634 1927 715 1986 bona
736 1927 830 2001 priori
846 1927 968 1985 dommo
980 1928 1068 1984 resti·

94 2017 208 2070 tueretc
232 2017 365 2070 ceterum
380 2008 596 2084 inprobtsstmo
614 2010 711 2080 militi,
727 2008 931 2083 Ingratissimo
945 2009 1068 2081 hospiti,

93 2090 273 2153 avidissimo
295 2094 442 2168 naufrago
464 2093 603 2167 stigmata
617 2091 795 2152 inscriberet
809 2093 957 2167 ingratum
971 2092 1068 2150 homi·

93 2191 163 2236 nem
178 2177 326 2236 testantia.
345 2176 462 2250 Dignus
478 2177 601 2251 quidem
617 2176 680 2247 luit,
694 2175 743 2236 cui
757 2192 817 2236 non
833 2177 1099 2240 inscriberentur4

92 2260 161 2319 illae
176 2258 297 2332 literae,
311 2260 367 2320 sed
382 2261 639 2334 insculperentur,
656 2261 707 2333 qui
718 2260 867 2336 hospitem
884 2276 973 2320 suum
984 2259 1068 2319 nudo

94 2350 123 2404 ει
143 2343 293 2417 naufrago
314 2343 442 2402 similem
460 2343 533 2403 inid
550 2347 602 2416 [m]
619 2361 679 2418 quo
695 2344 830 2403 tacuerat
846 2344 913 2419 ipse
928 2344 998 2403 litus
1015 2358 1067 2402 ex-

93 2429 221 2502 pulerat.
253 2425 314 2486 Sed
329 2426 514 2499 videbimus,
537 2428 605 2502 quis
627 2427 736 2487 modus
759 2443 877 2501 poenae
897 2427 1099 2490 servandusc

91 2511 195 2570 inerit:
209 2509 407 2569 auferendum
419 2512 525 2585 utique
539 2510 607 2583 luit,
624 2512 707 2585 quod
719 2525 838 2570 summo
854 2510 969 2568 sceiere
984 2510 1068 2566 inva-

93 2601 183 2653 serat
222 2593 295 2667 Quis
311 2600 411 2653 autem
427 2610 529 2668 poena
543 2594 608 2654 eius
625 2601 812 2664 moveretur,
833 2592 926 2664 quiid
942 2591 1064 2649 commi-

92 2684 189 2749 serat,
207 2693 261 2751 per
277 2677 360 2751 quod
376 2692 465 2738 nemo
480 2678 616 2737 misereri
631 2678 805 2736 misericors
823 2679 952 2749 posset?

152 2760 315 2821 XXXVIII.
337 2761 426 2822 Dabit
440 2760 492 2820 tibi
507 2760 680 2835 Philippus,
699 2760 770 2834 quia
789 2758 941 2833 promisit,
963 2757 1093 2820 etiam-1

91 2845 117 2903 si
144 2859 207 2904 non
236 2845 346 2914 debet,
375 2845 492 2904 etiamsi
517 2841 655 2903 iniuriam
684 2844 818 2902 lecturus
845 2849 912 2913 est,
948 2839 1067 2899 etiamsi

90 2929 193 2988 scelus
215 2929 350 2988 tacturus
372 2935 435 2999 est,
462 2926 580 2987 etiamsi
595 2944 656 2987 uno
678 2929 757 2987 lacto
782 2929 998 3001 praeclusurus
1020 2930 1067 2982 est

84 3011 246 3085 nauhagis
269 3012 379 3071 litarat
406 3011 472 3071 Non
494 3019 541 3070 est
559 3010 667 3070 levitas
688 3027 706 3069 a
727 3010 849 3084 cognito
872 3017 902 3068 et
923 3009 1065 3068 damnato

89 3109 195 3154 errore
214 3094 373 3154 discedere
394 3102 423 3154 ει
436 3095 567 3169 ingenue
581 3094 733 3154 latendum
745 3101 807 3153 est:
831 3093 937 3165 „allud
952 3091 1064 3166 putavi,

89 3179 239 3252 deceptus
262 3184 359 3237 sum.“
391 3179 475 3236 Haeo
495 3193 569 3237 vero
592 3178 743 3251 superbae
765 3177 907 3237 stultitiane
923 3189 1065 3249 perseve-

87 3259 188 3321 rantia
209 3267 271 3320 est:
292 3261 403 3336 „quod
424 3263 519 3320 semel
539 3261 618 3333 dixi,
641 3262 864 3335 qualecumque
884 3265 945 3329 est,
969 3258 1066 3317 lixum

87 3351 250 3420 ratumque
269 3345 337 3404 sit.“
367 3345 434 3405 Non
454 3351 501 3405 est
520 3351 608 3419 turpe
630 3360 698 3405 cum
713 3359 747 3404 re
762 3351 878 3403 mutare
893 3340 1065 3402 consilium.

91 3430 171 3503 nge,
192 3427 219 3487 si
233 3426 390 3503 Philippus
412 3442 627 3503 possessorem
643 3427 725 3489 illum
741 3442 847 3488 eorum
861 3425 983 3554 &torum
996 3420 1098 3481 reli-2
