<?xml version="1.0" encoding="UTF-8"?>
<!DOCTYPE html PUBLIC "-//W3C//DTD XHTML 1.0 Transitional//EN"
    "http://www.w3.org/TR/xhtml1/DTD/xhtml1-transitional.dtd">
<html xmlns="http://www.w3.org/1999/xhtml" xml:lang="en" lang="en">
 <head>
  <title>
</title>
<meta http-equiv="Content-Type" content="text/html;charset=utf-8" />
  <meta name='ocr-system' content='tesseract 3.04.00' />
  <meta name='ocr-capabilities' content='ocr_page ocr_carea ocr_par ocr_line ocrx_word'/>
</head>
<body>
  <div class='ocr_page' id='page_1' title='image "./lannaeisenecaeo01senegoog_0315.png"; bbox 0 0 2364 3840; ppageno 0'>
   <div class='ocr_carea' id='block_1_1' title="bbox 154 162 844 227">
    <p class='ocr_par' dir='ltr' id='par_1_1' title="bbox 154 162 844 227">
     <span class='ocr_line' id='line_1_1' title="bbox 154 162 844 227; baseline -0.006 -2"><span class='ocrx_word' id='word_1_1' title='bbox 154 163 217 227; x_wconf 74' lang='lat'>282</span> <span class='ocrx_word' id='word_1_2' title='bbox 445 162 477 222; x_wconf 90' lang='lat' dir='ltr'>L.</span> <span class='ocrx_word' id='word_1_3' title='bbox 498 162 646 221; x_wconf 80' lang='grc' dir='ltr'>ΑΝΝΑΕΙ</span> <span class='ocrx_word' id='word_1_4' title='bbox 668 162 844 223; x_wconf 82' lang='lat' dir='ltr'><strong>SENECAE</strong></span> 
     </span>
    </p>
   </div>
   <div class='ocr_carea' id='block_1_2' title="bbox 125 310 1132 3046">
    <p class='ocr_par' dir='ltr' id='par_1_2' title="bbox 150 310 1131 889">
     <span class='ocr_line' id='line_1_2' title="bbox 153 310 1130 392; baseline 0 -17"><span class='ocrx_word' id='word_1_5' title='bbox 153 325 242 392; x_wconf 83' lang='lat' dir='ltr'>gatar</span> <span class='ocrx_word' id='word_1_6' title='bbox 260 322 290 375; x_wconf 89' lang='lat' dir='ltr'>et</span> <span class='ocrx_word' id='word_1_7' title='bbox 311 310 434 389; x_wconf 89' lang='lat' dir='ltr'>spiritu,</span> <span class='ocrx_word' id='word_1_8' title='bbox 459 313 509 386; x_wconf 90' lang='lat' dir='ltr'>qui</span> <span class='ocrx_word' id='word_1_9' title='bbox 533 329 588 387; x_wconf 88' lang='lat' dir='ltr'>per</span> <span class='ocrx_word' id='word_1_10' title='bbox 608 331 666 375; x_wconf 86' lang='lat' dir='ltr'>sua</span> <span class='ocrx_word' id='word_1_11' title='bbox 686 314 792 376; x_wconf 89' lang='lat' dir='ltr'>itinera</span> <span class='ocrx_word' id='word_1_12' title='bbox 813 315 956 376; x_wconf 70' lang='lat' dir='ltr'>documii</span> <span class='ocrx_word' id='word_1_13' title='bbox 984 312 1130 375; x_wconf 83' lang='lat' dir='ltr'>habemus</span> 
     </span>
     <span class='ocr_line' id='line_1_3' title="bbox 153 397 1131 473; baseline -0.001 -13"><span class='ocrx_word' id='word_1_14' title='bbox 153 409 254 460; x_wconf 89' lang='lat' dir='ltr'>autom</span> <span class='ocrx_word' id='word_1_15' title='bbox 269 397 446 473; x_wconf 81' lang='lat' dir='ltr'>angustiora</span> <span class='ocrx_word' id='word_1_16' title='bbox 459 400 610 473; x_wconf 79' lang='lat' dir='ltr'>quaedam</span> <span class='ocrx_word' id='word_1_17' title='bbox 624 401 819 473; x_wconf 87' lang='lat' dir='ltr'>receptacula</span> <span class='ocrx_word' id='word_1_18' title='bbox 831 400 969 473; x_wconf 88' lang='lat' dir='ltr'>animae,</span> <span class='ocrx_word' id='word_1_19' title='bbox 986 414 1043 472; x_wconf 90' lang='lat' dir='ltr'>per</span> <span class='ocrx_word' id='word_1_20' title='bbox 1056 415 1131 473; x_wconf 90' lang='lat' dir='ltr'>quae</span> 
     </span>
     <span class='ocr_line' id='line_1_4' title="bbox 154 481 1130 557; baseline 0 -14"><span class='ocrx_word' id='word_1_21' title='bbox 154 484 226 543; x_wconf 87' lang='lat' dir='ltr'>nihil</span> <span class='ocrx_word' id='word_1_22' title='bbox 242 483 372 557; x_wconf 91' lang='lat' dir='ltr'>amplius</span> <span class='ocrx_word' id='word_1_23' title='bbox 388 497 480 555; x_wconf 88' lang='lat' dir='ltr'>quam</span> <span class='ocrx_word' id='word_1_24' title='bbox 496 491 590 556; x_wconf 88' lang='lat' dir='ltr'>meat,</span> <span class='ocrx_word' id='word_1_25' title='bbox 609 482 760 557; x_wconf 78' lang='lat' dir='ltr'>quaedam</span> <span class='ocrx_word' id='word_1_26' title='bbox 773 482 956 557; x_wconf 86' lang='lat' dir='ltr'>patentiora,</span> <span class='ocrx_word' id='word_1_27' title='bbox 978 481 1130 557; x_wconf 88' lang='lat' dir='ltr'>inquibus</span> 
     </span>
     <span class='ocr_line' id='line_1_5' title="bbox 154 565 1130 641; baseline -0.002 -15"><span class='ocrx_word' id='word_1_28' title='bbox 154 568 304 641; x_wconf 76' lang='lat' dir='ltr'>colligitur</span> <span class='ocrx_word' id='word_1_29' title='bbox 326 575 356 625; x_wconf 92' lang='lat' dir='ltr'>ct</span> <span class='ocrx_word' id='word_1_30' title='bbox 375 565 458 625; x_wconf 89' lang='lat' dir='ltr'>unde</span> <span class='ocrx_word' id='word_1_31' title='bbox 473 567 616 626; x_wconf 91' lang='lat' dir='ltr'>dividitur</span> <span class='ocrx_word' id='word_1_32' title='bbox 630 567 659 624; x_wconf 94' lang='lat' dir='ltr'>in</span> <span class='ocrx_word' id='word_1_33' title='bbox 675 573 787 640; x_wconf 90' lang='lat' dir='ltr'>portes.</span> <span class='ocrx_word' id='word_1_34' title='bbox 824 565 876 627; x_wconf 88' lang='lat' dir='ltr'>Sic</span> <span class='ocrx_word' id='word_1_35' title='bbox 888 566 948 626; x_wconf 91' lang='lat' dir='ltr'>hoc</span> <span class='ocrx_word' id='word_1_36' title='bbox 964 572 1061 626; x_wconf 95' lang='lat' dir='ltr'>totum</span> <span class='ocrx_word' id='word_1_37' title='bbox 1076 575 1130 626; x_wconf 88' lang='lat' dir='ltr'>ter·</span> 
     </span>
     <span class='ocr_line' id='line_1_6' title="bbox 150 645 1131 724; baseline 0 -15"><span class='ocrx_word' id='word_1_38' title='bbox 150 645 254 709; x_wconf 88' lang='lat' dir='ltr'>iarum</span> <span class='ocrx_word' id='word_1_39' title='bbox 276 650 408 710; x_wconf 93' lang='lat' dir='ltr'>omnium</span> <span class='ocrx_word' id='word_1_40' title='bbox 433 665 545 724; x_wconf 90' lang='lat' dir='ltr'>corpus</span> <span class='ocrx_word' id='word_1_41' title='bbox 567 659 597 710; x_wconf 93' lang='lat' dir='ltr'>ct</span> <span class='ocrx_word' id='word_1_42' title='bbox 617 651 722 723; x_wconf 88' lang='lat' dir='ltr'>aquis,</span> <span class='ocrx_word' id='word_1_43' title='bbox 751 666 830 724; x_wconf 88' lang='lat' dir='ltr'>quae</span> <span class='ocrx_word' id='word_1_44' title='bbox 851 648 953 709; x_wconf 88' lang='lat' dir='ltr'>vicem</span> <span class='ocrx_word' id='word_1_45' title='bbox 975 650 1131 723; x_wconf 79' lang='lat' dir='ltr'>sanguinis</span> 
     </span>
     <span class='ocr_line' id='line_1_7' title="bbox 154 731 1131 808; baseline 0 -15"><span class='ocrx_word' id='word_1_46' title='bbox 154 742 270 805; x_wconf 90' lang='lat' dir='ltr'>tenent,</span> <span class='ocrx_word' id='word_1_47' title='bbox 301 741 331 795; x_wconf 88' lang='lat' dir='ltr'>ct</span> <span class='ocrx_word' id='word_1_48' title='bbox 351 732 464 805; x_wconf 87' lang='lat' dir='ltr'>ventis,</span> <span class='ocrx_word' id='word_1_49' title='bbox 494 749 572 806; x_wconf 90' lang='lat' dir='ltr'>quos</span> <span class='ocrx_word' id='word_1_50' title='bbox 594 732 667 792; x_wconf 88' lang='lat' dir='ltr'>nihil</span> <span class='ocrx_word' id='word_1_51' title='bbox 688 731 772 792; x_wconf 91' lang='lat' dir='ltr'>aliud</span> <span class='ocrx_word' id='word_1_52' title='bbox 792 733 863 808; x_wconf 88' lang='lat' dir='ltr'>quis</span> <span class='ocrx_word' id='word_1_53' title='bbox 884 748 978 808; x_wconf 89' lang='lat' dir='ltr'>qaam</span> <span class='ocrx_word' id='word_1_54' title='bbox 1003 732 1131 793; x_wconf 87' lang='lat' dir='ltr'>animam</span> 
     </span>
     <span class='ocr_line' id='line_1_8' title="bbox 155 816 1131 889; baseline -0.001 -14"><span class='ocrx_word' id='word_1_55' title='bbox 155 818 325 889; x_wconf 82' lang='lat' dir='ltr'>vocaverit,</span> <span class='ocrx_word' id='word_1_56' title='bbox 350 816 488 889; x_wconf 91' lang='lat' dir='ltr'>pervium</span> <span class='ocrx_word' id='word_1_57' title='bbox 510 824 567 875; x_wconf 91' lang='lat' dir='ltr'>cst.</span> <span class='ocrx_word' id='word_1_58' title='bbox 596 816 672 875; x_wconf 88' lang='lat' dir='ltr'>haec</span> <span class='ocrx_word' id='word_1_59' title='bbox 692 816 755 877; x_wconf 92' lang='lat' dir='ltr'>duo</span> <span class='ocrx_word' id='word_1_60' title='bbox 772 816 862 877; x_wconf 80' lang='lat' dir='ltr'>aliubi</span> <span class='ocrx_word' id='word_1_61' title='bbox 878 824 1019 888; x_wconf 88' lang='lat' dir='ltr'>currunt,</span> <span class='ocrx_word' id='word_1_62' title='bbox 1044 816 1131 877; x_wconf 80' lang='lat' dir='ltr'>aliubi</span> 
     </span>
    </p>

    <p class='ocr_par' dir='ltr' id='par_1_3' title="bbox 125 898 1132 1894">
     <span class='ocr_line' id='line_1_9' title="bbox 125 898 1130 975; baseline 0 -18"><span class='ocrx_word' id='word_1_63' title='bbox 125 903 333 963; x_wconf 73' lang='lat' dir='ltr'>aconsistunt.</span> <span class='ocrx_word' id='word_1_64' title='bbox 376 898 439 958; x_wconf 88' lang='lat' dir='ltr'>Sed</span> <span class='ocrx_word' id='word_1_65' title='bbox 461 899 717 973; x_wconf 84' lang='lat' dir='ltr'>quemadmodum</span> <span class='ocrx_word' id='word_1_66' title='bbox 738 901 767 959; x_wconf 95' lang='lat' dir='ltr'>in</span> <span class='ocrx_word' id='word_1_67' title='bbox 789 914 921 975; x_wconf 87' lang='lat' dir='ltr'>corpore</span> <span class='ocrx_word' id='word_1_68' title='bbox 936 906 1045 960; x_wconf 91' lang='lat' dir='ltr'>nostro</span> <span class='ocrx_word' id='word_1_69' title='bbox 1063 899 1130 959; x_wconf 90' lang='lat' dir='ltr'>dum</span> 
     </span>
     <span class='ocr_line' id='line_1_10' title="bbox 154 981 1130 1059; baseline -0.003 -15"><span class='ocrx_word' id='word_1_70' title='bbox 154 988 235 1045; x_wconf 90' lang='lat' dir='ltr'>bona</span> <span class='ocrx_word' id='word_1_71' title='bbox 258 982 390 1043; x_wconf 92' lang='lat' dir='ltr'>valitudo</span> <span class='ocrx_word' id='word_1_72' title='bbox 412 990 473 1056; x_wconf 88' lang='lat' dir='ltr'>est,</span> <span class='ocrx_word' id='word_1_73' title='bbox 497 998 642 1043; x_wconf 89' lang='lat' dir='ltr'>venarum</span> <span class='ocrx_word' id='word_1_74' title='bbox 665 999 790 1058; x_wconf 88' lang='lat' dir='ltr'>quoque</span> <span class='ocrx_word' id='word_1_75' title='bbox 809 982 1019 1059; x_wconf 74' lang='lat' dir='ltr'>inperturbata</span> <span class='ocrx_word' id='word_1_76' title='bbox 1038 981 1130 1043; x_wconf 92' lang='lat' dir='ltr'>mobi-</span> 
     </span>
     <span class='ocr_line' id='line_1_11' title="bbox 156 1065 1132 1142; baseline -0.003 -15"><span class='ocrx_word' id='word_1_77' title='bbox 156 1070 222 1127; x_wconf 88' lang='lat' dir='ltr'>litas</span> <span class='ocrx_word' id='word_1_78' title='bbox 248 1067 370 1127; x_wconf 92' lang='lat' dir='ltr'>modum</span> <span class='ocrx_word' id='word_1_79' title='bbox 396 1074 512 1141; x_wconf 88' lang='lat' dir='ltr'>servat,</span> <span class='ocrx_word' id='word_1_80' title='bbox 540 1065 593 1127; x_wconf 91' lang='lat' dir='ltr'>ubi</span> <span class='ocrx_word' id='word_1_81' title='bbox 613 1065 728 1142; x_wconf 92' lang='lat' dir='ltr'>aliquid</span> <span class='ocrx_word' id='word_1_82' title='bbox 750 1067 873 1127; x_wconf 86' lang='lat' dir='ltr'>adversi</span> <span class='ocrx_word' id='word_1_83' title='bbox 898 1073 961 1139; x_wconf 88' lang='lat' dir='ltr'>est,</span> <span class='ocrx_word' id='word_1_84' title='bbox 989 1073 1022 1126; x_wconf 90' lang='lat' dir='ltr'>et</span> <span class='ocrx_word' id='word_1_85' title='bbox 1046 1066 1132 1125; x_wconf 87' lang='lat' dir='ltr'>micat</span> 
     </span>
     <span class='ocr_line' id='line_1_12' title="bbox 155 1149 1131 1225; baseline -0.002 -15"><span class='ocrx_word' id='word_1_86' title='bbox 155 1152 292 1211; x_wconf 89' lang='lat' dir='ltr'>crebrius</span> <span class='ocrx_word' id='word_1_87' title='bbox 313 1158 343 1210; x_wconf 88' lang='lat' dir='ltr'>et</span> <span class='ocrx_word' id='word_1_88' title='bbox 367 1150 502 1225; x_wconf 87' lang='lat' dir='ltr'>suspiria</span> <span class='ocrx_word' id='word_1_89' title='bbox 526 1158 618 1224; x_wconf 91' lang='lat' dir='ltr'>atque</span> <span class='ocrx_word' id='word_1_90' title='bbox 638 1150 789 1212; x_wconf 88' lang='lat' dir='ltr'>anhelitus</span> <span class='ocrx_word' id='word_1_91' title='bbox 812 1150 979 1211; x_wconf 86' lang='lat' dir='ltr'>laborantis</span> <span class='ocrx_word' id='word_1_92' title='bbox 1000 1165 1039 1209; x_wconf 93' lang='lat' dir='ltr'>ac</span> <span class='ocrx_word' id='word_1_93' title='bbox 1060 1149 1131 1209; x_wconf 88' lang='lat' dir='ltr'>lessi</span> 
     </span>
     <span class='ocr_line' id='line_1_13' title="bbox 155 1233 1131 1310; baseline -0.002 -15"><span class='ocrx_word' id='word_1_94' title='bbox 155 1237 243 1310; x_wconf 83' lang='lat' dir='ltr'>signa</span> <span class='ocrx_word' id='word_1_95' title='bbox 264 1243 349 1295; x_wconf 86' lang='lat' dir='ltr'>sunt=</span> <span class='ocrx_word' id='word_1_96' title='bbox 373 1236 414 1295; x_wconf 87' lang='lat' dir='ltr'>ita</span> <span class='ocrx_word' id='word_1_97' title='bbox 435 1233 523 1294; x_wconf 88' lang='lat' dir='ltr'>terris</span> <span class='ocrx_word' id='word_1_98' title='bbox 546 1249 671 1309; x_wconf 89' lang='lat' dir='ltr'>quoque</span> <span class='ocrx_word' id='word_1_99' title='bbox 692 1235 763 1294; x_wconf 95' lang='lat' dir='ltr'>dum</span> <span class='ocrx_word' id='word_1_100' title='bbox 784 1234 896 1308; x_wconf 89' lang='lat' dir='ltr'>positio</span> <span class='ocrx_word' id='word_1_101' title='bbox 914 1233 1062 1295; x_wconf 89' lang='lat' dir='ltr'>naturalis</span> <span class='ocrx_word' id='word_1_102' title='bbox 1078 1240 1131 1306; x_wconf 77' lang='lat' dir='ltr'>est,</span> 
     </span>
     <span class='ocr_line' id='line_1_14' title="bbox 154 1317 1132 1392; baseline -0.004 -13"><span class='ocrx_word' id='word_1_103' title='bbox 154 1321 361 1380; x_wconf 81' lang='lat' dir='ltr'>inconcussae</span> <span class='ocrx_word' id='word_1_104' title='bbox 381 1327 512 1379; x_wconf 87' lang='lat' dir='ltr'>manent.</span> <span class='ocrx_word' id='word_1_105' title='bbox 550 1333 619 1377; x_wconf 91' lang='lat' dir='ltr'>cum</span> <span class='ocrx_word' id='word_1_106' title='bbox 640 1318 754 1392; x_wconf 90' lang='lat' dir='ltr'>aliquid</span> <span class='ocrx_word' id='word_1_107' title='bbox 780 1325 942 1392; x_wconf 88' lang='lat' dir='ltr'>peccatur,</span> <span class='ocrx_word' id='word_1_108' title='bbox 965 1324 1030 1377; x_wconf 89' lang='lat' dir='ltr'>tum</span> <span class='ocrx_word' id='word_1_109' title='bbox 1052 1317 1132 1377; x_wconf 90' lang='lat' dir='ltr'>velut</span> 
     </span>
     <span class='ocr_line' id='line_1_15' title="bbox 153 1400 1131 1477; baseline -0.004 -15"><span class='ocrx_word' id='word_1_110' title='bbox 153 1404 238 1477; x_wconf 80' lang='lat' dir='ltr'>aegri</span> <span class='ocrx_word' id='word_1_111' title='bbox 255 1403 393 1477; x_wconf 89' lang='lat' dir='ltr'>corporis</span> <span class='ocrx_word' id='word_1_112' title='bbox 409 1410 509 1463; x_wconf 91' lang='lat' dir='ltr'>motus</span> <span class='ocrx_word' id='word_1_113' title='bbox 526 1408 588 1474; x_wconf 90' lang='lat' dir='ltr'>est,</span> <span class='ocrx_word' id='word_1_114' title='bbox 612 1401 721 1476; x_wconf 91' lang='lat' dir='ltr'>spiritu</span> <span class='ocrx_word' id='word_1_115' title='bbox 735 1402 801 1474; x_wconf 95' lang='lat' dir='ltr'>illo,</span> <span class='ocrx_word' id='word_1_116' title='bbox 817 1400 870 1476; x_wconf 92' lang='lat' dir='ltr'>qui</span> <span class='ocrx_word' id='word_1_117' title='bbox 880 1400 1053 1462; x_wconf 88' lang='lat' dir='ltr'>modestius</span> <span class='ocrx_word' id='word_1_118' title='bbox 1065 1416 1131 1476; x_wconf 92' lang='lat' dir='ltr'>pcr—</span> 
     </span>
     <span class='ocr_line' id='line_1_16' title="bbox 155 1485 1130 1560; baseline -0.002 -15"><span class='ocrx_word' id='word_1_119' title='bbox 155 1486 284 1560; x_wconf 90' lang='lat' dir='ltr'>ssuebat,</span> <span class='ocrx_word' id='word_1_120' title='bbox 306 1487 366 1546; x_wconf 91' lang='lat' dir='ltr'>icto</span> <span class='ocrx_word' id='word_1_121' title='bbox 387 1485 596 1545; x_wconf 86' lang='lat' dir='ltr'>vehementius</span> <span class='ocrx_word' id='word_1_122' title='bbox 611 1492 642 1543; x_wconf 89' lang='lat' dir='ltr'>et</span> <span class='ocrx_word' id='word_1_123' title='bbox 658 1493 824 1559; x_wconf 88' lang='lat' dir='ltr'>quassante</span> <span class='ocrx_word' id='word_1_124' title='bbox 839 1499 934 1545; x_wconf 89' lang='lat' dir='ltr'>venas</span> <span class='ocrx_word' id='word_1_125' title='bbox 952 1500 1045 1557; x_wconf 86' lang='lat' dir='ltr'>suas,</span> <span class='ocrx_word' id='word_1_126' title='bbox 1067 1499 1130 1557; x_wconf 84' lang='lat' dir='ltr'>nee,</span> 
     </span>
     <span class='ocr_line' id='line_1_17' title="bbox 154 1568 1131 1644; baseline -0.003 -16"><span class='ocrx_word' id='word_1_127' title='bbox 154 1576 186 1628; x_wconf 90' lang='lat' dir='ltr'>ut</span> <span class='ocrx_word' id='word_1_128' title='bbox 202 1571 243 1628; x_wconf 93' lang='lat' dir='ltr'>illi</span> <span class='ocrx_word' id='word_1_129' title='bbox 257 1570 349 1644; x_wconf 90' lang='lat' dir='ltr'>paulo</span> <span class='ocrx_word' id='word_1_130' title='bbox 364 1577 433 1628; x_wconf 88' lang='lat' dir='ltr'>ante</span> <span class='ocrx_word' id='word_1_131' title='bbox 450 1568 605 1640; x_wconf 88' lang='lat' dir='ltr'>dicebant,</span> <span class='ocrx_word' id='word_1_132' title='bbox 622 1569 733 1643; x_wconf 90' lang='lat' dir='ltr'>quibus</span> <span class='ocrx_word' id='word_1_133' title='bbox 749 1569 860 1628; x_wconf 87' lang='lat' dir='ltr'>animal</span> <span class='ocrx_word' id='word_1_134' title='bbox 875 1569 978 1642; x_wconf 85' lang='lat' dir='ltr'>placet</span> <span class='ocrx_word' id='word_1_135' title='bbox 990 1582 1065 1629; x_wconf 89' lang='lat' dir='ltr'>esse</span> <span class='ocrx_word' id='word_1_136' title='bbox 1075 1577 1131 1628; x_wconf 91' lang='lat' dir='ltr'>ter·</span> 
     </span>
     <span class='ocr_line' id='line_1_18' title="bbox 154 1651 1130 1726; baseline -0.001 -16"><span class='ocrx_word' id='word_1_137' title='bbox 154 1669 232 1712; x_wconf 75' lang='lat' dir='ltr'>ramr</span> <span class='ocrx_word' id='word_1_138' title='bbox 255 1668 325 1712; x_wconf 84' lang='lat' dir='ltr'>num</span> <span class='ocrx_word' id='word_1_139' title='bbox 346 1652 372 1710; x_wconf 93' lang='lat' dir='ltr'>si</span> <span class='ocrx_word' id='word_1_140' title='bbox 393 1651 533 1724; x_wconf 86' lang='lat' dir='ltr'>horest,</span> <span class='ocrx_word' id='word_1_141' title='bbox 557 1651 813 1726; x_wconf 85' lang='lat' dir='ltr'>quemadmodum</span> <span class='ocrx_word' id='word_1_142' title='bbox 834 1652 946 1712; x_wconf 87' lang='lat' dir='ltr'>animal</span> <span class='ocrx_word' id='word_1_143' title='bbox 962 1659 1028 1712; x_wconf 91' lang='lat' dir='ltr'>tota</span> <span class='ocrx_word' id='word_1_144' title='bbox 1041 1666 1130 1709; x_wconf 86' lang='lat' dir='ltr'>vexa·</span> 
     </span>
     <span class='ocr_line' id='line_1_19' title="bbox 155 1734 1131 1809; baseline -0.003 -14"><span class='ocrx_word' id='word_1_145' title='bbox 155 1737 267 1795; x_wconf 89' lang='lat' dir='ltr'>tionem</span> <span class='ocrx_word' id='word_1_146' title='bbox 289 1735 407 1794; x_wconf 90' lang='lat' dir='ltr'>sentiet.</span> <span class='ocrx_word' id='word_1_147' title='bbox 441 1751 541 1809; x_wconf 86' lang='lat' dir='ltr'>neque</span> <span class='ocrx_word' id='word_1_148' title='bbox 563 1735 642 1795; x_wconf 90' lang='lat' dir='ltr'>enim</span> <span class='ocrx_word' id='word_1_149' title='bbox 664 1737 692 1793; x_wconf 94' lang='lat' dir='ltr'>in</span> <span class='ocrx_word' id='word_1_150' title='bbox 714 1736 802 1796; x_wconf 93' lang='lat' dir='ltr'>nobis</span> <span class='ocrx_word' id='word_1_151' title='bbox 822 1734 916 1795; x_wconf 80' lang='lat' dir='ltr'>febris</span> <span class='ocrx_word' id='word_1_152' title='bbox 937 1736 1016 1797; x_wconf 85' lang='lat' dir='ltr'>alias</span> <span class='ocrx_word' id='word_1_153' title='bbox 1032 1742 1131 1809; x_wconf 87' lang='lat' dir='ltr'>partes</span> 
     </span>
     <span class='ocr_line' id='line_1_20' title="bbox 155 1817 1130 1894; baseline 0.002 -17"><span class='ocrx_word' id='word_1_154' title='bbox 155 1818 329 1877; x_wconf 90' lang='lat' dir='ltr'>mordacius</span> <span class='ocrx_word' id='word_1_155' title='bbox 342 1818 472 1894; x_wconf 85' lang='lat' dir='ltr'>inpellit,</span> <span class='ocrx_word' id='word_1_156' title='bbox 489 1818 544 1878; x_wconf 89' lang='lat' dir='ltr'>sed</span> <span class='ocrx_word' id='word_1_157' title='bbox 558 1834 613 1894; x_wconf 89' lang='lat' dir='ltr'>pcr</span> <span class='ocrx_word' id='word_1_158' title='bbox 626 1818 726 1878; x_wconf 91' lang='lat' dir='ltr'>omnia</span> <span class='ocrx_word' id='word_1_159' title='bbox 742 1819 807 1893; x_wconf 90' lang='lat' dir='ltr'>pari</span> <span class='ocrx_word' id='word_1_160' title='bbox 818 1817 1005 1894; x_wconf 86' lang='lat' dir='ltr'>aequalitate</span> <span class='ocrx_word' id='word_1_161' title='bbox 1017 1819 1130 1879; x_wconf 79' lang='lat' dir='ltr'>discor</span> 
     </span>
    </p>

    <p class='ocr_par' dir='ltr' id='par_1_4' title="bbox 125 1901 1132 2395">
     <span class='ocr_line' id='line_1_21' title="bbox 125 1901 1130 1976; baseline -0.002 -15"><span class='ocrx_word' id='word_1_162' title='bbox 125 1903 200 1967; x_wconf 82' lang='lat' dir='ltr'>arit.</span> <span class='ocrx_word' id='word_1_163' title='bbox 237 1901 315 1961; x_wconf 91' lang='lat' dir='ltr'>Vide</span> <span class='ocrx_word' id='word_1_164' title='bbox 337 1919 426 1976; x_wconf 81' lang='lat' dir='ltr'>orgo,</span> <span class='ocrx_word' id='word_1_165' title='bbox 448 1902 595 1976; x_wconf 91' lang='lat' dir='ltr'>numquid</span> <span class='ocrx_word' id='word_1_166' title='bbox 615 1904 705 1962; x_wconf 91' lang='lat' dir='ltr'>intret</span> <span class='ocrx_word' id='word_1_167' title='bbox 725 1901 755 1960; x_wconf 94' lang='lat' dir='ltr'>in</span> <span class='ocrx_word' id='word_1_168' title='bbox 777 1903 858 1961; x_wconf 92' lang='lat' dir='ltr'>illam</span> <span class='ocrx_word' id='word_1_169' title='bbox 879 1901 1008 1976; x_wconf 87' lang='lat' dir='ltr'>spiritus</span> <span class='ocrx_word' id='word_1_170' title='bbox 1023 1917 1063 1962; x_wconf 89' lang='lat' dir='ltr'>ex</span> <span class='ocrx_word' id='word_1_171' title='bbox 1077 1901 1130 1961; x_wconf 81' lang='lat' dir='ltr'>cir</span> 
     </span>
     <span class='ocr_line' id='line_1_22' title="bbox 156 1984 1132 2060; baseline -0.002 -15"><span class='ocrx_word' id='word_1_172' title='bbox 156 1986 295 2046; x_wconf 89' lang='lat' dir='ltr'>cumluso</span> <span class='ocrx_word' id='word_1_173' title='bbox 317 1989 403 2059; x_wconf 72' lang='lat' dir='ltr'>aere,</span> <span class='ocrx_word' id='word_1_174' title='bbox 427 1986 479 2059; x_wconf 91' lang='lat' dir='ltr'>qui</span> <span class='ocrx_word' id='word_1_175' title='bbox 501 1985 646 2060; x_wconf 89' lang='lat' dir='ltr'>quamdiu</span> <span class='ocrx_word' id='word_1_176' title='bbox 667 1985 759 2045; x_wconf 86' lang='lat' dir='ltr'>habet</span> <span class='ocrx_word' id='word_1_177' title='bbox 778 1986 907 2058; x_wconf 88' lang='lat' dir='ltr'>exitum,</span> <span class='ocrx_word' id='word_1_178' title='bbox 936 1984 1006 2045; x_wconf 89' lang='lat' dir='ltr'>sine</span> <span class='ocrx_word' id='word_1_179' title='bbox 1025 1984 1132 2045; x_wconf 88' lang='lat' dir='ltr'>iniuria</span> 
     </span>
     <span class='ocr_line' id='line_1_23' title="bbox 155 2067 1131 2144; baseline -0.002 -16"><span class='ocrx_word' id='word_1_180' title='bbox 155 2070 273 2129; x_wconf 86' lang='lat' dir='ltr'>labitur.</span> <span class='ocrx_word' id='word_1_181' title='bbox 303 2069 329 2127; x_wconf 93' lang='lat' dir='ltr'>si</span> <span class='ocrx_word' id='word_1_182' title='bbox 348 2069 474 2129; x_wconf 83' lang='lat' dir='ltr'>offendit</span> <span class='ocrx_word' id='word_1_183' title='bbox 488 2069 602 2142; x_wconf 89' lang='lat' dir='ltr'>aliquid</span> <span class='ocrx_word' id='word_1_184' title='bbox 618 2077 649 2128; x_wconf 90' lang='lat' dir='ltr'>et</span> <span class='ocrx_word' id='word_1_185' title='bbox 664 2068 784 2143; x_wconf 88' lang='lat' dir='ltr'>incidit,</span> <span class='ocrx_word' id='word_1_186' title='bbox 807 2069 890 2144; x_wconf 92' lang='lat' dir='ltr'>quod</span> <span class='ocrx_word' id='word_1_187' title='bbox 905 2067 987 2128; x_wconf 89' lang='lat' dir='ltr'>viam</span> <span class='ocrx_word' id='word_1_188' title='bbox 1002 2068 1131 2140; x_wconf 84' lang='lat' dir='ltr'>claudat,</span> 
     </span>
     <span class='ocr_line' id='line_1_24' title="bbox 155 2150 1132 2229; baseline -0.003 -18"><span class='ocrx_word' id='word_1_189' title='bbox 155 2161 226 2211; x_wconf 92' lang='lat' dir='ltr'>tunc</span> <span class='ocrx_word' id='word_1_190' title='bbox 250 2159 391 2210; x_wconf 87' lang='lat' dir='ltr'>oneratur</span> <span class='ocrx_word' id='word_1_191' title='bbox 411 2153 507 2225; x_wconf 89' lang='lat' dir='ltr'>primo</span> <span class='ocrx_word' id='word_1_192' title='bbox 529 2152 706 2212; x_wconf 81' lang='lat' dir='ltr'>infundente</span> <span class='ocrx_word' id='word_1_193' title='bbox 727 2168 762 2213; x_wconf 91' lang='lat' dir='ltr'>se</span> <span class='ocrx_word' id='word_1_194' title='bbox 777 2169 796 2211; x_wconf 88' lang='lat' dir='ltr'>a</span> <span class='ocrx_word' id='word_1_195' title='bbox 809 2161 895 2229; x_wconf 83' lang='lat' dir='ltr'>tergo</span> <span class='ocrx_word' id='word_1_196' title='bbox 910 2154 994 2211; x_wconf 73' lang='lat' dir='ltr'>abre.</span> <span class='ocrx_word' id='word_1_197' title='bbox 1023 2150 1132 2213; x_wconf 89' lang='lat' dir='ltr'>deinde</span> 
     </span>
     <span class='ocr_line' id='line_1_25' title="bbox 156 2233 1131 2311; baseline 0.002 -19"><span class='ocrx_word' id='word_1_198' title='bbox 156 2250 211 2309; x_wconf 90' lang='lat' dir='ltr'>per</span> <span class='ocrx_word' id='word_1_199' title='bbox 224 2233 356 2307; x_wconf 90' lang='lat' dir='ltr'>aliquam</span> <span class='ocrx_word' id='word_1_200' title='bbox 371 2235 476 2293; x_wconf 92' lang='lat' dir='ltr'>rimam</span> <span class='ocrx_word' id='word_1_201' title='bbox 493 2234 623 2308; x_wconf 82' lang='lat' dir='ltr'>maligne</span> <span class='ocrx_word' id='word_1_202' title='bbox 640 2235 716 2310; x_wconf 79' lang='lat' dir='ltr'>fugit</span> <span class='ocrx_word' id='word_1_203' title='bbox 726 2243 756 2296; x_wconf 89' lang='lat' dir='ltr'>et</span> <span class='ocrx_word' id='word_1_204' title='bbox 766 2236 826 2297; x_wconf 83' lang='lat' dir='ltr'>boo</span> <span class='ocrx_word' id='word_1_205' title='bbox 838 2236 939 2297; x_wconf 87' lang='lat' dir='ltr'>acrius</span> <span class='ocrx_word' id='word_1_206' title='bbox 952 2238 1057 2309; x_wconf 86' lang='lat' dir='ltr'>iertur,</span> <span class='ocrx_word' id='word_1_207' title='bbox 1073 2250 1131 2311; x_wconf 89' lang='lat' dir='ltr'>quo</span> 
     </span>
     <span class='ocr_line' id='line_1_26' title="bbox 156 2316 1131 2395; baseline 0.001 -19"><span class='ocrx_word' id='word_1_208' title='bbox 156 2316 325 2390; x_wconf 80' lang='lat' dir='ltr'>angustius.</span> <span class='ocrx_word' id='word_1_209' title='bbox 348 2317 378 2377; x_wconf 93' lang='lat' dir='ltr'>id</span> <span class='ocrx_word' id='word_1_210' title='bbox 394 2317 460 2376; x_wconf 90' lang='lat' dir='ltr'>sinc</span> <span class='ocrx_word' id='word_1_211' title='bbox 475 2333 577 2392; x_wconf 83' lang='lat' dir='ltr'>pugna</span> <span class='ocrx_word' id='word_1_212' title='bbox 589 2336 652 2379; x_wconf 93' lang='lat' dir='ltr'>non</span> <span class='ocrx_word' id='word_1_213' title='bbox 668 2326 770 2395; x_wconf 87' lang='lat' dir='ltr'>potest</span> <span class='ocrx_word' id='word_1_214' title='bbox 783 2320 864 2393; x_wconf 86' lang='lat' dir='ltr'>fleri,</span> <span class='ocrx_word' id='word_1_215' title='bbox 882 2334 939 2379; x_wconf 89' lang='lat' dir='ltr'>nec</span> <span class='ocrx_word' id='word_1_216' title='bbox 951 2335 1057 2394; x_wconf 80' lang='lat' dir='ltr'>pugna</span> <span class='ocrx_word' id='word_1_217' title='bbox 1068 2320 1131 2379; x_wconf 88' lang='lat' dir='ltr'>sine</span> 
     </span>
    </p>

    <p class='ocr_par' dir='ltr' id='par_1_5' title="bbox 125 2401 1132 3046">
     <span class='ocr_line' id='line_1_27' title="bbox 125 2401 1130 2479; baseline -0.002 -18"><span class='ocrx_word' id='word_1_218' title='bbox 125 2407 247 2461; x_wconf 67' lang='lat' dir='ltr'>emota.</span> <span class='ocrx_word' id='word_1_219' title='bbox 281 2402 322 2461; x_wconf 81' lang='lat' dir='ltr'>At</span> <span class='ocrx_word' id='word_1_220' title='bbox 341 2401 368 2461; x_wconf 91' lang='lat' dir='ltr'>si</span> <span class='ocrx_word' id='word_1_221' title='bbox 388 2417 426 2459; x_wconf 92' lang='lat' dir='ltr'>ne</span> <span class='ocrx_word' id='word_1_222' title='bbox 447 2402 554 2460; x_wconf 90' lang='lat' dir='ltr'>rimam</span> <span class='ocrx_word' id='word_1_223' title='bbox 576 2404 714 2478; x_wconf 91' lang='lat' dir='ltr'>quidem,</span> <span class='ocrx_word' id='word_1_224' title='bbox 742 2418 798 2479; x_wconf 89' lang='lat' dir='ltr'>per</span> <span class='ocrx_word' id='word_1_225' title='bbox 824 2419 916 2478; x_wconf 88' lang='lat' dir='ltr'>quam</span> <span class='ocrx_word' id='word_1_226' title='bbox 939 2401 1065 2476; x_wconf 87' lang='lat' dir='ltr'>eliiuat,</span> <span class='ocrx_word' id='word_1_227' title='bbox 1089 2402 1130 2461; x_wconf 92' lang='lat' dir='ltr'>in·</span> 
     </span>
     <span class='ocr_line' id='line_1_28' title="bbox 155 2484 1132 2562; baseline 0 -18"><span class='ocrx_word' id='word_1_228' title='bbox 155 2484 252 2557; x_wconf 85' lang='lat' dir='ltr'>venit,</span> <span class='ocrx_word' id='word_1_229' title='bbox 271 2485 472 2560; x_wconf 85' lang='lat' dir='ltr'>conglobatus</span> <span class='ocrx_word' id='word_1_230' title='bbox 484 2486 543 2545; x_wconf 93' lang='lat' dir='ltr'>illic</span> <span class='ocrx_word' id='word_1_231' title='bbox 556 2487 627 2546; x_wconf 87' lang='lat' dir='ltr'>lurit</span> <span class='ocrx_word' id='word_1_232' title='bbox 638 2495 668 2547; x_wconf 92' lang='lat' dir='ltr'>et</span> <span class='ocrx_word' id='word_1_233' title='bbox 679 2487 739 2547; x_wconf 86' lang='lat' dir='ltr'>hue</span> <span class='ocrx_word' id='word_1_234' title='bbox 752 2495 845 2562; x_wconf 88' lang='lat' dir='ltr'>atque</span> <span class='ocrx_word' id='word_1_235' title='bbox 857 2487 908 2547; x_wconf 93' lang='lat' dir='ltr'>illo</span> <span class='ocrx_word' id='word_1_236' title='bbox 920 2485 1132 2560; x_wconf 78' lang='lat' dir='ltr'>circumagitur</span> 
     </span>
     <span class='ocr_line' id='line_1_29' title="bbox 155 2568 1131 2644; baseline -0.002 -16"><span class='ocrx_word' id='word_1_237' title='bbox 155 2571 276 2644; x_wconf 88' lang='lat' dir='ltr'>aliaque</span> <span class='ocrx_word' id='word_1_238' title='bbox 297 2569 400 2643; x_wconf 88' lang='lat' dir='ltr'>deicit,</span> <span class='ocrx_word' id='word_1_239' title='bbox 421 2570 478 2629; x_wconf 90' lang='lat' dir='ltr'>alia</span> <span class='ocrx_word' id='word_1_240' title='bbox 499 2569 662 2644; x_wconf 88' lang='lat' dir='ltr'>intercidit,</span> <span class='ocrx_word' id='word_1_241' title='bbox 686 2587 753 2631; x_wconf 92' lang='lat' dir='ltr'>cum</span> <span class='ocrx_word' id='word_1_242' title='bbox 776 2568 973 2632; x_wconf 82' lang='lat' dir='ltr'>tenuissimus</span> <span class='ocrx_word' id='word_1_243' title='bbox 989 2569 1131 2643; x_wconf 89' lang='lat' dir='ltr'>idemque</span> 
     </span>
     <span class='ocr_line' id='line_1_30' title="bbox 155 2649 1132 2729; baseline -0.004 -17"><span class='ocrx_word' id='word_1_244' title='bbox 155 2653 341 2713; x_wconf 79' lang='lat' dir='ltr'>fortissimus</span> <span class='ocrx_word' id='word_1_245' title='bbox 364 2660 394 2713; x_wconf 88' lang='lat' dir='ltr'>et</span> <span class='ocrx_word' id='word_1_246' title='bbox 414 2653 533 2727; x_wconf 90' lang='lat' dir='ltr'>inrepat</span> <span class='ocrx_word' id='word_1_247' title='bbox 554 2655 693 2727; x_wconf 86' lang='lat' dir='ltr'>quamvis</span> <span class='ocrx_word' id='word_1_248' title='bbox 715 2655 744 2712; x_wconf 90' lang='lat' dir='ltr'>in</span> <span class='ocrx_word' id='word_1_249' title='bbox 766 2654 923 2715; x_wconf 80' lang='lat' dir='ltr'>obstructa</span> <span class='ocrx_word' id='word_1_250' title='bbox 937 2660 969 2712; x_wconf 92' lang='lat' dir='ltr'>et</span> <span class='ocrx_word' id='word_1_251' title='bbox 986 2649 1132 2729; x_wconf 90' lang='lat' dir='ltr'>quicquid</span> 
     </span>
     <span class='ocr_line' id='line_1_31' title="bbox 156 2736 1130 2812; baseline -0.003 -18"><span class='ocrx_word' id='word_1_252' title='bbox 156 2736 291 2810; x_wconf 89' lang='lat' dir='ltr'>intravit,</span> <span class='ocrx_word' id='word_1_253' title='bbox 315 2737 344 2795; x_wconf 93' lang='lat' dir='ltr'>vi</span> <span class='ocrx_word' id='word_1_254' title='bbox 366 2752 422 2796; x_wconf 90' lang='lat' dir='ltr'>sua</span> <span class='ocrx_word' id='word_1_255' title='bbox 444 2737 567 2797; x_wconf 89' lang='lat' dir='ltr'>diducat</span> <span class='ocrx_word' id='word_1_256' title='bbox 584 2752 619 2796; x_wconf 90' lang='lat' dir='ltr'>ac</span> <span class='ocrx_word' id='word_1_257' title='bbox 634 2738 777 2812; x_wconf 77' lang='lat' dir='ltr'>dissipcu</span> <span class='ocrx_word' id='word_1_258' title='bbox 804 2745 876 2798; x_wconf 90' lang='lat' dir='ltr'>tune</span> <span class='ocrx_word' id='word_1_259' title='bbox 896 2745 979 2797; x_wconf 86' lang='lat' dir='ltr'>terra</span> <span class='ocrx_word' id='word_1_260' title='bbox 996 2736 1130 2797; x_wconf 88' lang='lat' dir='ltr'>iactatur.</span> 
     </span>
     <span class='ocr_line' id='line_1_32' title="bbox 156 2818 1129 2892; baseline -0.003 -14"><span class='ocrx_word' id='word_1_261' title='bbox 156 2826 207 2880; x_wconf 89' lang='lat' dir='ltr'>aut</span> <span class='ocrx_word' id='word_1_262' title='bbox 222 2820 301 2878; x_wconf 91' lang='lat' dir='ltr'>enim</span> <span class='ocrx_word' id='word_1_263' title='bbox 317 2821 425 2879; x_wconf 89' lang='lat' dir='ltr'>datura</span> <span class='ocrx_word' id='word_1_264' title='bbox 440 2827 530 2880; x_wconf 90' lang='lat' dir='ltr'>vento</span> <span class='ocrx_word' id='word_1_265' title='bbox 547 2821 647 2881; x_wconf 90' lang='lat' dir='ltr'>locum</span> <span class='ocrx_word' id='word_1_266' title='bbox 662 2820 806 2891; x_wconf 92' lang='lat' dir='ltr'>discedit,</span> <span class='ocrx_word' id='word_1_267' title='bbox 829 2828 881 2883; x_wconf 87' lang='lat' dir='ltr'>aut</span> <span class='ocrx_word' id='word_1_268' title='bbox 896 2835 964 2880; x_wconf 88' lang='lat' dir='ltr'>cum</span> <span class='ocrx_word' id='word_1_269' title='bbox 981 2819 1082 2892; x_wconf 84' lang='lat' dir='ltr'>dedit,</span> <span class='ocrx_word' id='word_1_270' title='bbox 1102 2818 1129 2877; x_wconf 91' lang='lat' dir='ltr'>in</span> 
     </span>
     <span class='ocr_line' id='line_1_33' title="bbox 156 2902 1132 2977; baseline 0 -17"><span class='ocrx_word' id='word_1_271' title='bbox 156 2902 269 2975; x_wconf 84' lang='lat' dir='ltr'>ipsam,</span> <span class='ocrx_word' id='word_1_272' title='bbox 293 2919 353 2976; x_wconf 86' lang='lat' dir='ltr'>qua</span> <span class='ocrx_word' id='word_1_273' title='bbox 373 2904 456 2962; x_wconf 90' lang='lat' dir='ltr'>illum</span> <span class='ocrx_word' id='word_1_274' title='bbox 472 2903 585 2976; x_wconf 89' lang='lat' dir='ltr'>emisit,</span> <span class='ocrx_word' id='word_1_275' title='bbox 610 2920 772 2964; x_wconf 88' lang='lat' dir='ltr'>cavernam</span> <span class='ocrx_word' id='word_1_276' title='bbox 786 2905 985 2964; x_wconf 80' lang='lat' dir='ltr'>fundamento</span> <span class='ocrx_word' id='word_1_277' title='bbox 1002 2902 1132 2977; x_wconf 86' lang='lat' dir='ltr'>spoliata</span> 
     </span>
     <span class='ocr_line' id='line_1_34' title="bbox 157 2984 299 3046; baseline 0.014 -2"><span class='ocrx_word' id='word_1_278' title='bbox 157 2984 299 3046; x_wconf 90' lang='lat' dir='ltr'>considit.</span> 
     </span>
    </p>
   </div>
   <div class='ocr_carea' id='block_1_3' title="bbox 219 3066 1131 3139">
    <p class='ocr_par' dir='ltr' id='par_1_6' title="bbox 219 3066 1131 3139">
     <span class='ocr_line' id='line_1_35' title="bbox 219 3066 1131 3139; baseline 0.003 -15"><span class='ocrx_word' id='word_1_279' title='bbox 219 3066 285 3124; x_wconf 89' lang='lat' dir='ltr'>XV.</span> <span class='ocrx_word' id='word_1_280' title='bbox 313 3066 469 3139; x_wconf 81' lang='lat' dir='ltr'>Quidam</span> <span class='ocrx_word' id='word_1_281' title='bbox 493 3070 544 3130; x_wconf 88' lang='lat' dir='ltr'>ita</span> <span class='ocrx_word' id='word_1_282' title='bbox 566 3071 806 3133; x_wconf 73' lang='lat' dir='ltr'>existimante</span> <span class='ocrx_word' id='word_1_283' title='bbox 829 3071 923 3131; x_wconf 87' lang='lat' dir='ltr'>Terra</span> <span class='ocrx_word' id='word_1_284' title='bbox 937 3071 1042 3133; x_wconf 89' lang='lat' dir='ltr'>multis</span> <span class='ocrx_word' id='word_1_285' title='bbox 1057 3068 1131 3133; x_wconf 84' lang='lat' dir='ltr'>loeis</span> 
     </span>
    </p>
   </div>
   <div class='ocr_carea' id='block_1_4' title="bbox 156 3152 1132 3482">
    <p class='ocr_par' dir='ltr' id='par_1_7' title="bbox 156 3152 1132 3482">
     <span class='ocr_line' id='line_1_36' title="bbox 158 3152 1130 3231; baseline 0.003 -22"><span class='ocrx_word' id='word_1_286' title='bbox 158 3152 313 3225; x_wconf 77' lang='lat' dir='ltr'>perforata</span> <span class='ocrx_word' id='word_1_287' title='bbox 327 3159 374 3210; x_wconf 87' lang='lat' dir='ltr'>est</span> <span class='ocrx_word' id='word_1_288' title='bbox 388 3166 445 3210; x_wconf 90' lang='lat' dir='ltr'>nec</span> <span class='ocrx_word' id='word_1_289' title='bbox 459 3159 575 3213; x_wconf 85' lang='lat' dir='ltr'>tantum</span> <span class='ocrx_word' id='word_1_290' title='bbox 590 3153 705 3228; x_wconf 92' lang='lat' dir='ltr'>primos</span> <span class='ocrx_word' id='word_1_291' title='bbox 720 3157 789 3216; x_wconf 93' lang='lat' dir='ltr'>illos</span> <span class='ocrx_word' id='word_1_292' title='bbox 805 3155 905 3216; x_wconf 88' lang='lat' dir='ltr'>aditus</span> <span class='ocrx_word' id='word_1_293' title='bbox 919 3153 1029 3227; x_wconf 84' lang='lat' dir='ltr'>habet,</span> <span class='ocrx_word' id='word_1_294' title='bbox 1054 3167 1130 3231; x_wconf 89' lang='lat' dir='ltr'>quos</span> 
     </span>
     <span class='ocr_line' id='line_1_37' title="bbox 156 3233 1131 3314; baseline 0.006 -22"><span class='ocrx_word' id='word_1_295' title='bbox 156 3234 240 3295; x_wconf 86' lang='lat' dir='ltr'>velut</span> <span class='ocrx_word' id='word_1_296' title='bbox 255 3233 440 3309; x_wconf 89' lang='lat' dir='ltr'>spiramenta</span> <span class='ocrx_word' id='word_1_297' title='bbox 454 3238 492 3297; x_wconf 89' lang='lat' dir='ltr'>ab</span> <span class='ocrx_word' id='word_1_298' title='bbox 507 3236 591 3298; x_wconf 88' lang='lat' dir='ltr'>initio</span> <span class='ocrx_word' id='word_1_299' title='bbox 608 3238 654 3299; x_wconf 91' lang='lat' dir='ltr'>sui</span> <span class='ocrx_word' id='word_1_300' title='bbox 673 3240 803 3314; x_wconf 86' lang='lat' dir='ltr'>recepit,</span> <span class='ocrx_word' id='word_1_301' title='bbox 824 3240 881 3298; x_wconf 91' lang='lat' dir='ltr'>sed</span> <span class='ocrx_word' id='word_1_302' title='bbox 895 3239 1009 3301; x_wconf 89' lang='lat' dir='ltr'>multos</span> <span class='ocrx_word' id='word_1_303' title='bbox 1025 3237 1069 3299; x_wconf 90' lang='lat' dir='ltr'>illi</span> <span class='ocrx_word' id='word_1_304' title='bbox 1084 3252 1131 3298; x_wconf 87' lang='lat' dir='ltr'>ea·</span> 
     </span>
     <span class='ocr_line' id='line_1_38' title="bbox 158 3317 1132 3399; baseline 0.002 -21"><span class='ocrx_word' id='word_1_305' title='bbox 158 3335 212 3378; x_wconf 93' lang='lat' dir='ltr'>sus</span> <span class='ocrx_word' id='word_1_306' title='bbox 234 3317 384 3392; x_wconf 86' lang='lat' dir='ltr'>inposuit=</span> <span class='ocrx_word' id='word_1_307' title='bbox 412 3319 504 3381; x_wconf 91' lang='lat' dir='ltr'>aliubi</span> <span class='ocrx_word' id='word_1_308' title='bbox 525 3321 664 3395; x_wconf 85' lang='lat' dir='ltr'>deduxit,</span> <span class='ocrx_word' id='word_1_309' title='bbox 692 3322 838 3399; x_wconf 89' lang='lat' dir='ltr'>quicquid</span> <span class='ocrx_word' id='word_1_310' title='bbox 863 3338 1000 3398; x_wconf 87' lang='lat' dir='ltr'>superne</span> <span class='ocrx_word' id='word_1_311' title='bbox 1022 3318 1132 3383; x_wconf 83' lang='lat' dir='ltr'>terreni</span> 
     </span>
     <span class='ocr_line' id='line_1_39' title="bbox 158 3402 1131 3482; baseline 0.005 -22"><span class='ocrx_word' id='word_1_312' title='bbox 158 3410 236 3475; x_wconf 89' lang='lat' dir='ltr'>erat,</span> <span class='ocrx_word' id='word_1_313' title='bbox 259 3418 355 3477; x_wconf 90' lang='lat' dir='ltr'>aqua,</span> <span class='ocrx_word' id='word_1_314' title='bbox 380 3404 438 3462; x_wconf 90' lang='lat' dir='ltr'>alia</span> <span class='ocrx_word' id='word_1_315' title='bbox 454 3411 603 3464; x_wconf 89' lang='lat' dir='ltr'>torrentes</span> <span class='ocrx_word' id='word_1_316' title='bbox 620 3406 773 3480; x_wconf 88' lang='lat' dir='ltr'>cecidere,</span> <span class='ocrx_word' id='word_1_317' title='bbox 796 3406 848 3467; x_wconf 86' lang='lat' dir='ltr'>illa</span> <span class='ocrx_word' id='word_1_318' title='bbox 862 3406 1001 3469; x_wconf 87' lang='lat' dir='ltr'>aestibus</span> <span class='ocrx_word' id='word_1_319' title='bbox 1015 3402 1131 3482; x_wconf 82' lang='lat' dir='ltr'>magnis</span> 
     </span>
    </p>
   </div>
   <div class='ocr_carea' id='block_1_5' title="bbox 0 0 1190 3840">
    <p class='ocr_par' dir='ltr' id='par_1_8' title="bbox 0 0 1190 3840">
     <span class='ocr_line' id='line_1_40' title="bbox 0 0 1190 3840; baseline 0 0"><span class='ocrx_word' id='word_1_320' title='bbox 0 0 1190 3840; x_wconf 95' lang='lat' dir='ltr'> </span> 
     </span>
    </p>
   </div>
  </div>
 </body>
</html>
