2364 3840
158 176 201 241 98
442 177 475 235 L.
497 175 643 235 ANNAEl
665 173 840 235 SENECAE

158 329 313 390 materiam
328 327 440 388 deduci
454 326 630 401 magnitudo
645 326 776 386 nominis
792 326 865 386 clari
879 327 1004 400 debeat,
1026 329 1136 390 advos

157 428 219 474 non
239 413 377 487 pertinet.
406 413 435 470 in
459 410 536 469 alios
553 409 707 484 quaeritur
721 424 842 468 verum:
867 425 925 470 vos
943 411 984 470 ad
999 413 1136 486 speciem

158 496 222 555 veri
246 493 411 570 conponite
431 494 562 553 animum
578 500 622 567 et,
648 493 720 552 dum
734 492 896 552 honestum
910 493 1028 568 dicitis,
1052 496 1133 571 quic-

157 581 230 655 quid
246 578 352 649 estid,
375 591 437 653 quo
452 592 563 637 noman
577 575 697 635 honesti
712 575 854 648 lactatur,
875 576 908 635 ld
922 578 1023 638 colite.

123 667 139 718 1
218 660 1134 736 XV.,‚Quomodo‚inquit,nemopcrvosingratus

156 751 230 817 est,
247 742 892 816 sicrursusomnesingratisunt“
916 742 1132 817 Nam‚utdici-

157 844 233 898 mus,
246 841 353 886 omnes
366 825 448 886 stulti
460 827 529 884 mali
542 833 620 885 sunt.
640 826 691 900 qui
705 832 804 885 autem
816 825 908 885 habet
914 825 1020 886 vitium
1031 844 1133 902 unum,

157 908 367 969 omniababet.
390 923 496 968 omnes
508 916 608 968 autem
620 909 701 968 stulti
713 916 744 969 et
754 907 823 968 mati
835 915 919 968 sunt:
938 924 1049 970 omnes
1062 928 1135 987 ergo

129 1000 145 1051 2
158 991 266 1066 ingrati
280 998 360 1051 sunt.
390 991 468 1065 Quid
480 998 576 1067 ergot
593 1008 654 1052 non
667 997 758 1052 suntt
779 1007 840 1051 non
852 993 987 1067 undique
998 993 1133 1056 humano

155 1074 260 1150 generi
277 1075 447 1135 convicium
468 1075 522 1135 fitt
548 1091 609 1135 non
632 1075 755 1150 publica
775 1077 901 1150 quercla
915 1082 963 1136 est
982 1076 1133 1138 beneficia

155 1159 275 1232 perisse
291 1165 320 1218 et
333 1158 544 1232 paucissimos
555 1174 640 1231 esse,
658 1159 761 1234 quide
774 1158 854 1218 bene
867 1160 1057 1222 merentibus
1074 1179 1130 1222 nou

155 1241 284 1300 invicem
299 1243 434 1316 pessime
456 1248 648 1301 mereantur?
671 1241 734 1300 Nec
750 1249 797 1301 est
808 1243 891 1316 quod
903 1242 984 1302 hanc
995 1251 1132 1305 nostram

154 1332 267 1385 tantum
283 1325 548 1385 murmurationem
570 1333 658 1399 putes
678 1340 734 1399 pro
750 1325 885 1399 pessimo
902 1341 1064 1404 pravoque
1080 1346 1130 1389 nu·

127 1407 333 1474 emerantium
357 1409 501 1483 quicquid
523 1409 598 1467 citra
618 1408 693 1468 recti
713 1409 872 1469 formulam
895 1409 1015 1470 cecidit
1051 1412 1132 1472 Ecce

154 1492 324 1565 nescioqui
339 1507 399 1551 non
413 1506 452 1549 ex
466 1490 722 1566 philosophorum
734 1491 826 1552 domo
839 1492 960 1566 clamat,
975 1506 1016 1552 ex
1028 1495 1131 1556 medio

155 1581 306 1634 conventu
322 1575 456 1648 populos
472 1580 642 1648 gentesque
657 1575 835 1634 damnatura
850 1591 913 1636 vox
927 1577 1069 1638 mittitur=

358 1657 424 1716 Non
438 1658 542 1733 hospes
555 1659 593 1717 ab
606 1658 718 1734 hospite
732 1664 818 1732 tatus,

200 1757 258 1799 non
271 1756 355 1801 socer
368 1757 388 1799 u
399 1757 518 1815 uenero.
536 1741 672 1814 fratrum
685 1757 798 1816 qaoque
808 1745 911 1816 pratia
925 1759 1003 1802 rara
1016 1754 1069 1805 est.

203 1827 324 1884 inminet
335 1826 425 1884 exitio
438 1826 485 1885 otir
496 1828 643 1900 contupis,
663 1828 717 1885 illa
730 1828 839 1885 mariti.

123 1907 218 1968 tHoc
240 1908 298 1966 iarn
319 1907 448 1983 amplius
469 1917 525 1969 est.
553 1907 704 1968 beneficia
724 1908 754 1966 in
776 1911 878 1968 scelus
900 1925 991 1969 versa
1011 1919 1130 1973 suntet

153 1991 292 2065 sanguini
308 2006 413 2051 eorum
429 2007 490 2051 non
506 1992 653 2066 parcitur,
669 2008 725 2066 pro
738 1991 849 2066 quibus
861 1993 988 2067 sanguis
1001 1995 1128 2057 lunden-

153 2074 211 2134 dus
227 2083 283 2134 est.
313 2074 414 2148 gladio
430 2090 466 2133 ac
482 2075 607 2134 venenis
627 2075 777 2135 beneficia
794 2075 959 2150 sequimur.
995 2078 1061 2154 Ipsi
1077 2095 1128 2154 pa-

151 2159 227 2216 triae
243 2172 350 2215 manus
366 2157 486 2216 adlerre
501 2164 532 2216 et
545 2158 681 2218 fascibus
695 2158 776 2217 illam
791 2157 857 2218 suis
870 2175 1009 2234 premere
1022 2171 1129 2236 poten-

150 2240 192 2299 tia
208 2254 244 2297 ac
260 2239 390 2312 dignitas
406 2246 461 2298 est.
484 2240 587 2300 humili
603 2256 637 2300 se
652 2257 688 2300 ac
700 2241 849 2316 depresso
861 2245 931 2303 loco
942 2252 1027 2318 putat
1039 2255 1130 2320 stare,

152 2320 293 2395 quisquis
318 2338 377 2381 uon
400 2339 495 2396 supra
515 2324 731 2398 rempublicam
757 2327 847 2385 stetit.
880 2328 998 2402 accepti
1018 2331 1059 2390 ab
1080 2331 1129 2389 illa

152 2406 303 2465 exercitus
315 2405 345 2464 in
357 2405 456 2480 ipsam
469 2414 685 2468 convertuntur
696 2414 726 2466 et
736 2406 931 2484 imperatoria
942 2411 1052 2472 concio
1066 2420 1130 2474 ests

122 2488 307 2564 5‚,Pugnate
322 2497 427 2550 contra
442 2489 605 2565 coniuges,
626 2498 759 2566 pugnate
775 2501 882 2553 contra
895 2494 1019 2555 liberos.
1048 2513 1130 2570 aras,

150 2574 253 2646 locos,
278 2581 404 2648 penates
425 2575 517 2633 armis
532 2575 685 2635 incessite.
712 2575 764 2649 qui
778 2592 817 2636 ne
831 2576 1044 2652 triumphaturi
1063 2581 1126 2656 qui·

150 2655 217 2717 dem
240 2658 350 2716 intrare
372 2658 477 2717 urbem
498 2658 618 2719 iniussu
638 2665 763 2718 senatus
785 2660 937 2722 deberetis
953 2663 1131 2740 quibusque

149 2739 294 2800 victorem
310 2742 476 2801 exercitum
491 2742 706 2803 reducentibus
722 2743 806 2802 curia
820 2751 906 2804 extra
919 2761 1025 2807 muros
1037 2763 1129 2822 prae·

149 2823 286 2895 beretur‚
309 2839 390 2884 nunc
412 2825 529 2886 civibus
552 2827 651 2886 caesis
674 2826 789 2901 pertusi
805 2843 913 2889 cruore
929 2838 1062 2904 cognato
1077 2847 1129 2890 ur-

120 2905 218 2969 ebem
240 2907 391 2967 subrectis
411 2908 519 2968 intrate
540 2911 670 2970 vexillis.
706 2909 902 2979 Obmutescat
921 2913 999 2972 inter
1019 2915 1129 2974 milita·

148 2989 194 3047 ria
215 2989 302 3062 signa
316 2991 440 3050 libertas
456 2999 486 3052 et
499 2992 549 3051 ille
565 2993 662 3053 victor
677 3000 866 3070 pacatorque
880 2995 1014 3070 gentium
1029 3012 1129 3072 popu·

148 3073 197 3131 lus
218 3074 344 3132 remotis
365 3076 473 3148 procul
493 3074 595 3149 bellis,
622 3075 703 3136 omni
726 3085 842 3138 terrore
863 3092 1034 3154 conpresso
1050 3080 1130 3142 intra

149 3170 253 3214 muros
270 3157 420 3217 obsessus
435 3159 554 3231 aquilas
570 3172 644 3219 suas
659 3159 812 3220 horreat.“

123 3249 135 3300 1
211 3239 290 3298 XVl.
319 3241 458 3314 Ingratus
481 3249 528 3302 est
548 3241 743 3304 Coriolanus:
772 3260 842 3306 sero
863 3253 894 3306 et
913 3251 985 3320 post
998 3243 1130 3307 sceleris

149 3323 365 3398 poenitentiam
375 3324 469 3420 pius,
492 3327 596 3422 pqsuit
610 3342 706 3402 arma,
730 3329 786 3389 sed
801 3327 946 3424 iun-medio
961 3330 1130 3427 parricidio

148 3407 260 3481 posuit.
296 3408 434 3484 Ingratus
450 3409 590 3470 Catilina:
618 3427 725 3485 parum
740 3418 787 3472 est
803 3413 844 3472 rllt
863 3428 974 3489 capere
988 3422 1130 3490 patriam,
