2364 3840
253 195 393 257 nnlun.
409 194 570 268 QUAEsT.
593 196 665 255 LlB.
680 197 729 256 ltl.
749 206 845 260 2-9.
973 194 1035 261 21⁷

60 350 130 406 iarn
156 345 315 405 abundare
338 342 412 403 rivis
434 351 464 404 et
483 343 674 418 fluminibus,
705 348 777 422 quia
803 349 890 409 coelo
906 349 1032 411 humido

62 436 185 491 utuntur
200 435 284 488 elne
301 435 403 487 aestas
419 427 541 502 quidem
557 428 704 490 imbribus
725 438 817 491 caret.

121 513 188 572 Vll.
211 512 373 572 Adversus
388 511 465 571 baec
479 514 571 571 multa
585 529 681 586 posse
697 515 757 575 dici
771 515 869 574 vides.
902 515 1034 576 Primum
1050 522 1064 575 1

61 611 118 672 ego
131 594 186 656 tibi
199 596 357 655 vinearum
368 593 497 669 diligens
511 597 614 656 fossor
626 598 763 671 adfirmo,
778 600 889 658 nullam
901 599 1035 678 pluviam

61 695 132 740 csse
154 686 227 753 [tam
248 680 415 756 magnam,
435 695 514 751 quae
536 686 645 741 terram
667 684 745 741 ultra
769 683 875 742 decem
892 683 988 757 pedes
1004 683 1034 742 iu

61 763 249 824 altitudinem
269 761 464 822 madefaciat:
488 764 585 823 omnis
607 765 716 826 humor
730 767 808 826 intra
824 767 950 840 primam
966 782 1034 826 cru·

61 855 139 908 stam
157 847 346 906 consumitur
367 861 423 904 nec
448 845 479 904 in
506 847 649 908 inferiora
670 850 839 910 descendit.
877 851 1066 925 quomodoa

60 946 134 1005 ergo
149 930 245 990 imber
259 944 425 1005 suggerere
440 937 542 1005 potest
553 932 691 992 amnibus
707 934 802 1006 vires,
818 932 869 1009 qui
885 950 1034 994 summam

59 1021 175 1074 tanturn
190 1013 314 1073 humum
331 1013 435 1087 tingitt
470 1030 541 1088 pars
557 1015 652 1076 maior
666 1016 733 1075 eius
749 1033 803 1092 per
817 1017 974 1078 fluminum
989 1019 1032 1077 al·

58 1114 136 1159 veos
151 1097 181 1157 in
201 1113 283 1157 mare
297 1098 441 1156 aufertur.
474 1097 618 1171 exiguum
632 1110 693 1172 est,
710 1101 793 1175 quod
808 1101 930 1161 sorbeat
943 1108 1032 1174 terra,

58 1197 116 1242 nec
127 1180 159 1241 id
171 1189 283 1242 servat.
303 1188 355 1240 aut
365 1180 444 1239 eninr
454 1181 538 1240 arida
550 1189 597 1241 est
608 1189 637 1241 et
648 1182 779 1242 absumit
790 1185 818 1242 in
831 1200 874 1253 se,
887 1185 1032 1258 quicquid

59 1265 194 1325 infusum
209 1272 268 1332 est,
294 1264 484 1338 cursoriam,
507 1264 624 1339 siquid
642 1282 737 1340 supra
752 1264 938 1325 desiderium
955 1267 1033 1325 ccci-

60 1349 117 1423 dit,
150 1349 302 1408 excludet.
335 1356 366 1407 et
390 1348 459 1407 ideo
486 1347 591 1422 primis
618 1349 765 1408 imbribus
794 1365 855 1408 non
883 1358 1034 1424 augentur

59 1447 183 1505 amnes,
207 1431 279 1506 quia
294 1438 374 1493 totos
389 1431 418 1488 in
435 1447 468 1492 sc
484 1431 589 1492 sitiens
605 1441 684 1493 terra
699 1433 797 1493 trabit.
831 1431 923 1505 Quid,
949 1432 1065 1507 quod3

59 1515 213 1592 quaedam
234 1515 360 1576 flumina
377 1522 537 1590 erumpunt
555 1519 640 1576 saxis
655 1523 686 1576 et
700 1516 873 1577 montibus?
894 1517 942 1576 his
959 1516 1032 1592 quid

59 1599 220 1660 conferent
235 1599 372 1674 pluviae,
395 1614 473 1671 quae
489 1614 543 1673 per
557 1601 656 1660 nudas
672 1615 765 1674 rupes
781 1600 959 1660 deferuntur
975 1614 1032 1659 nec

58 1683 174 1743 habent
188 1687 337 1754 [terram],
363 1683 409 1740 cui
426 1683 585 1745 insideant.
618 1684 729 1757 Adice,
753 1685 837 1757 quod
853 1683 1031 1744 siccissimis

60 1766 137 1840 locis
159 1765 243 1840 putei
267 1767 298 1825 in
320 1765 413 1826 altum
434 1766 492 1825 acti
507 1767 585 1825 ultra
600 1767 800 1825 ducentorum
815 1774 866 1826 aut
882 1775 1030 1828 trecento-

57 1864 126 1910 rum
150 1849 262 1923 pedum
282 1849 415 1923 spatium
431 1850 588 1908 inveniunt
603 1864 750 1923 aquarum
764 1850 877 1908 uberes
891 1867 986 1923 venas
1000 1850 1031 1910 in

59 1944 97 1992 ea
117 1933 288 2004 altitudine,
315 1932 344 1991 in
366 1948 457 2007 quam
479 1948 560 2004 aqua
580 1948 640 1992 non
656 1939 806 2006 penetrat,
830 1939 863 1991 ut
877 1933 958 1991 scias
971 1933 1031 1992 illic

58 2030 121 2075 non
135 2016 300 2077 coelestem
313 2031 384 2076 esse
400 2030 456 2073 nec
470 2015 661 2075 collectivum
675 2015 847 2089 humorem,
862 2016 934 2086 sed,
950 2015 1033 2089 quod

59 2098 120 2159 dici
142 2100 235 2172 solet,
257 2099 358 2158 vivam
380 2114 500 2175 aquam.
532 2099 586 2158 lllo
609 2115 734 2173 quoque
756 2106 935 2174 argumento
958 2098 1065 2159 haecl

59 2181 165 2258 opinio
179 2181 339 2254 refellitur,
356 2183 574 2259 quodquidam
591 2183 689 2243 fontes
702 2183 730 2241 in
745 2198 863 2242 summo
877 2182 1033 2241 cacumine

59 2267 170 2326 montis
189 2266 370 2325 redundant.
395 2267 522 2341 adparet
542 2267 610 2326 illos
632 2282 755 2326 sursum
770 2267 818 2342 agi
833 2274 885 2326 aut
899 2266 940 2325 ibi
959 2282 1030 2325 con-

60 2348 133 2426 cipi,
153 2365 222 2409 cum
238 2349 336 2410 omnis
353 2349 493 2424 pluvialis
509 2366 590 2425 aqua
605 2351 753 2411 decurrat.

119 2432 198 2495 Vlll.
221 2432 348 2506 Quidam
365 2433 551 2506 existimant,
572 2434 827 2508 quemadmodum
843 2434 872 2490 in
889 2429 1032 2491 exteriori

59 2524 147 2592 parte
167 2524 316 2575 terrarum
334 2523 439 2576 vastae
462 2517 590 2590 paludes
609 2518 710 2576 iacent
724 2517 888 2590 magnique
904 2522 934 2572 et
949 2514 1031 2571 navi-

58 2599 177 2675 gabiles
199 2601 301 2673 lacus,
327 2600 584 2676 quemadmodum
605 2600 719 2674 ingenti
741 2597 842 2671 spatio
862 2598 1032 2673 [terrarum]

58 2682 156 2743 maria
176 2683 278 2744 infusa
299 2684 426 2744 vallibus
451 2691 590 2757 porrecta
612 2692 698 2755 sunt,
719 2682 764 2742 sic
781 2681 926 2740 interiora
941 2687 1033 2738 terra·

58 2782 125 2826 rum
151 2767 311 2828 abundare
336 2765 426 2843 aquis
449 2766 590 2827 dulcibus
613 2783 670 2827 nec
692 2767 793 2826 minus
809 2764 876 2824 illas
892 2772 1033 2836 stagnare

59 2866 151 2924 quam
174 2850 257 2925 apud
278 2866 335 2911 nos
351 2866 499 2911 oceanum
516 2857 546 2909 et
560 2848 646 2910 sinus
662 2850 738 2909 cius.
771 2850 862 2908 immo
879 2847 1031 2918 cointius,

59 2949 120 3006 quo
144 2936 213 3008 plus
228 2941 307 2993 terra
322 2933 352 2992 in
367 2937 459 2994 altum
475 2941 566 3008 patet.
596 2932 678 3007 Ergo
693 2948 733 2991 ex
748 2932 799 2991 illa
815 2931 966 3007 profunda
981 2945 1031 2990 co-

60 3018 110 3091 pia
130 3017 181 3077 isti
202 3032 308 3076 amnes
323 3024 502 3091 egeruntur,
528 3032 607 3090 quos
623 3015 828 3091 quidmiraris
845 3016 871 3074 si
886 3023 965 3074 terra
979 3014 1031 3073 de-

58 3106 173 3161 tractos
188 3095 369 3172 consentit,
386 3116 454 3160 cunr
470 3101 607 3159 adiectos
623 3099 718 3158 maria
733 3115 791 3159 non
808 3099 949 3159 sentiunt.

121 3182 171 3242 lX.
206 3181 394 3255 Quibusdam
409 3182 487 3244 haec
505 3199 599 3242 causa
615 3185 726 3258 placet:
748 3184 831 3243 aiunt
845 3182 959 3242 habere
974 3188 1031 3241 ter·
1048 3189 1063 3241 l

59 3282 123 3326 ram
146 3266 223 3325 intra
249 3281 284 3325 se
304 3282 448 3326 recessus
464 3282 558 3326 cavos
574 3275 604 3327 et
616 3268 741 3327 multum
756 3266 897 3342 spiritus,
913 3266 964 3339 qui
980 3281 1031 3324 ne-

59 3349 197 3410 cessario
220 3347 356 3422 frigescit
378 3349 486 3410 umbra
500 3350 585 3422 gravi
601 3367 738 3425 pressus.
771 3350 882 3409 deinde
902 3347 1033 3422 pigeret

57 3433 191 3492 inmotus
205 3432 236 3492 in
253 3445 379 3507 aquam,
400 3448 469 3492 cum
484 3448 518 3491 se
535 3433 624 3493 desiit
638 3435 735 3507 ferre,
758 3432 953 3493 convertitur.
987 3429 1027 3488 Si·
1046 3438 1063 3488 ‘t
