2364 3840
156 183 197 248 18
446 185 478 243 L.
498 183 644 241 ANNAEl
666 182 840 242 SENECAE

155 343 241 396 sunt
263 334 534 407 exasperanda
555 333 751 391 beneficia
774 348 844 392 nec
867 334 1076 408 quicquam
1093 338 1134 395 ii-

154 419 204 477 lis
231 419 347 476 triste
372 417 619 476 miscendum.
660 414 779 474 etiamsi
805 417 878 490 quid
900 418 968 488 erit,
1002 419 1040 477 de
1069 437 1136 495 quo

153 503 230 561 vetis
247 501 425 572 admonere,
449 500 530 558 aliud
545 506 664 573 tempus
680 499 790 572 eligito.

122 599 136 649 1
215 584 282 642 Vll.
306 583 418 642 Fabius
439 582 634 641 Verrucosus
648 581 829 641 beneficium
845 582 883 640 ab
905 581 1028 642 homine
1050 586 1136 646 duro

154 681 264 742 aspere
280 666 382 725 datum
398 682 509 741 panem
529 667 694 739 lapidosum
716 665 859 737 vocabat,
881 683 966 740 quem
987 673 1136 730 esurienti

120 755 290 824 uocmpere
312 751 509 809 necessarium
522 752 573 821 sit,
596 750 816 809 esseocerhum.
851 747 990 808 Tiberius
1014 750 1134 812 Caesar

152 840 279 906 rogatus
295 832 541 905 aNepoteMario
558 832 725 905 praetorio,
740 839 773 890 ut
788 832 850 890 aeri
864 832 963 892 alieno
977 832 1045 893 eius
1059 852 1133 895 suc-

154 922 302 986 curreret,
325 915 416 973 edere
432 914 514 974 iilum
530 914 587 973 sibi
603 914 726 974 nomina
743 914 924 973 creditorum
939 917 1045 976 iussit:
1068 919 1133 978 hoc

154 1016 214 1059 non
232 1005 278 1056 εει
293 999 417 1069 donare,
434 999 489 1057 sed
506 998 673 1057 creditores
690 1014 871 1056 convocare.
899 1014 967 1058 cum
983 1000 1068 1060 edita
1081 1018 1130 1062 es-

155 1089 237 1152 sent,
256 1083 381 1155 scripsit
392 1081 502 1156 Nepoti
517 1081 647 1142 iussisse
663 1097 697 1139 se
712 1081 872 1155 pecuniam
888 1083 975 1141 solvi.
1007 1084 1132 1145 adiecta

155 1165 375 1225 contumeliosa
390 1164 595 1224 admonitione
610 1164 726 1236 effecit,
746 1170 777 1224 ut
791 1164 895 1238 Nepos
911 1180 967 1224 nec
983 1181 1039 1226 aes
1055 1170 1130 1228 atie-

155 1266 225 1308 num
242 1247 367 1307 haberet
381 1263 437 1307 nec
452 1247 649 1307 beneficium:
672 1246 810 1305 liberavit
825 1248 907 1307 iilum
928 1264 947 1307 a
968 1251 1128 1313 creditori-

121 1333 227 1402 3bus,
250 1332 308 1391 sibi
335 1348 396 1391 non
419 1331 573 1404 obligavit.
608 1329 733 1405 Aliquid
747 1331 885 1391 Tiberius
911 1341 1037 1392 secutus
1065 1344 1130 1395 est:
1170 1332 1172 1337 ’

152 1425 241 1490 puto,
257 1415 354 1475 noluit
369 1416 473 1488 plures
489 1429 570 1486 esse,
589 1415 640 1488 qui
654 1413 734 1473 idem
748 1417 883 1488 rogaturi
898 1428 1126 1478 concurrerent

152 1501 210 1559 ista
229 1501 360 1558 sortasse
375 1496 486 1558 efficat
500 1497 576 1557 ratio
593 1497 681 1557 tuerit
695 1497 734 1555 ad
747 1497 902 1557 hominum
913 1499 1062 1572 inprobas
1076 1518 1130 1563 cu-

152 1582 295 1657 piditates
320 1582 440 1655 pudore
465 1581 691 1654 reprimendas,
727 1581 906 1642 beneficium
931 1597 1005 1641 vero
1034 1584 1129 1645 dandi

152 1674 214 1725 tota
231 1665 289 1723 alia
304 1665 462 1737 sequenda
478 1672 525 1723 est
538 1664 603 1723 via:
632 1666 712 1723 omni
732 1680 844 1736 genere
859 1666 942 1739 quod
964 1664 1037 1738 des,
1063 1685 1127 1742 quo

155 1748 193 1807 sit
207 1749 409 1822 acceptatius,
433 1748 642 1807 adornandum
660 1756 720 1820 est,
745 1747 805 1807 hoc
826 1764 899 1808 vero
922 1763 983 1808 non
1004 1759 1055 1810 εει
1075 1753 1128 1811 bc·

153 1831 294 1890 reticium
310 1831 397 1903 dare,
421 1831 652 1904 deprehendere
666 1839 723 1890 est.
752 1885 755 1888 ,

123 1931 135 1981 ι
215 1916 294 1973 vlit.
306 1915 343 1973 Et
355 1922 387 1974 ut
397 1914 425 1973 in
437 1917 565 1974 transitu
578 1916 616 1974 de
631 1915 688 1973 hac
702 1930 825 1988 quoque
838 1923 923 1989 parte
935 1916 1035 1975 dicam
1052 1919 1128 1992 quid

153 1999 295 2070 seutiam,
318 2015 362 2056 ne
384 1997 558 2072 principi
582 1999 733 2072 quidem
751 1998 1051 2061 satisdecorum
1068 2011 1131 2060 est

153 2083 298 2141 donare
318 2082 555 2154 ignominiae
581 2096 710 2139 eausa.
745 2081 889 2155 ,‚Tamen‚
911 2082 1023 2158 inquit,
1048 2084 1127 2146 effu-

152 2181 224 2238 gere
239 2163 378 2222 Tiberius
394 2180 432 2222 ne
447 2163 506 2224 hoo
522 2164 645 2237 quidem
666 2166 758 2224 modo
780 2167 864 2240 quod
883 2165 995 2226 vitabat
1015 2170 1128 2240 potuit.

153 2263 221 2305 nam
238 2246 353 2320 aliquot
369 2254 477 2320 postea
492 2248 543 2322 qui
559 2248 639 2307 idem
656 2256 799 2322 rogarent
810 2250 922 2308 inventi
935 2255 1021 2325 sunt,
1044 2269 1128 2326 quos

153 2346 258 2390 omnes
273 2329 362 2390 iussit
377 2331 507 2389 reddere
522 2333 551 2388 in
568 2339 675 2390 senatu
691 2333 769 2392 aeris
792 2331 882 2391 alieni
904 2349 1016 2393 causas
1040 2344 1073 2396 ει
1087 2338 1128 2396 ita

121 2415 209 2473 titiis
226 2421 324 2473 certas
341 2430 475 2473 summas
491 2414 604 2474 dedit.“
623 2415 690 2475 Non
705 2424 753 2475 εει
766 2416 839 2475 iilud
855 2416 1037 2477 liberalitas:
1055 2435 1125 2480 cen-

152 2513 223 2556 sura
239 2504 294 2557 est.
329 2498 473 2556 auxilium
494 2505 561 2557 εειι
589 2499 756 2573 principale
776 2500 919 2559 tributum
941 2507 996 2559 est.
1025 2501 1126 2563 Bene·

152 2581 253 2641 ficium
273 2589 413 2652 nonest,
436 2581 522 2640 cuius
541 2581 607 2641 sine
635 2584 748 2642 rubore
769 2583 944 2643 meminisse
966 2600 1027 2644 non
1051 2603 1125 2660 pos-

153 2681 229 2723 sum.
247 2665 286 2723 ad
297 2663 428 2723 iudicem
439 2665 551 2725 missus
564 2682 640 2725 sum.
659 2666 893 2740 utinpetrarem,
910 2682 1036 2727 eausam
1050 2669 1126 2729 dixi.

120 2758 134 2807 1
214 2748 263 2805 lx.
296 2746 489 2821 Praecipiunt
516 2750 619 2824 itaque
648 2765 754 2809 omnes
785 2758 926 2810 auctores
952 2752 1127 2826 sapientiae

152 2831 339 2905 quaedam
364 2831 598 2904 [beneficia]
621 2835 746 2907 palam
769 2834 907 2904 danda,
933 2837 1126 2908 quaedam

152 2919 324 2973 secreto:
349 2915 448 2988 paiam
466 2932 545 2990 quae
560 2916 710 2990 consequi
727 2917 895 2989 gloriosum
911 2922 997 2991 [est],
1020 2926 1056 2978 ut
1070 2921 1124 2979 mi·

151 2997 248 3056 litaria
263 2997 358 3069 dona,
381 3006 413 3058 ut
437 2999 571 3060 honores
587 3008 617 3059 et
633 2999 777 3074 quicquid
799 3000 904 3075 [atiud]
928 3000 1036 3061 notitia
1057 3006 1124 3078 pul·

119 3080 254 3142 tchrius
271 3081 312 3143 fit.
346 3099 453 3142 rursus
470 3099 549 3157 quae
563 3099 623 3142 non
641 3084 814 3156 producunt
835 3099 892 3142 nec
912 3082 1124 3147 honestiorem

152 3163 279 3237 faciunt,
296 3166 352 3224 sed
368 3173 549 3225 succurrunt
563 3164 741 3236 infirmitati,
768 3168 910 3240 egestati,
926 3167 1125 3246 ignominiae,

151 3249 239 3306 tacite
255 3248 356 3307 danda
371 3256 455 3320 sunt,
477 3258 510 3308 ut
525 3257 596 3308 nota
611 3251 671 3309 sint
686 3250 760 3309 solis
778 3251 888 3324 quibus
904 3262 1047 3324 prosunt.

117 3339 133 3390 1
213 3331 248 3389 X.
272 3332 469 3390 interdum
497 3333 608 3390 etiam
634 3333 734 3408 ipse,
766 3335 829 3408 qui
855 3335 1027 3412 iuvatur,
1057 3340 1124 3399 ial-

149 3415 291 3473 landus
313 3422 386 3487 cst,
408 3420 441 3474 ut
454 3414 565 3474 habeat
582 3431 639 3475 nec
660 3432 678 3474 a
694 3433 754 3491 quo
778 3419 932 3491 acceperit
947 3420 1037 3482 sciat.
1067 3426 1124 3482 Ar·
