2364 3840
109 199 172 261 286
399 198 431 256 L.
453 197 599 255 AllltAEl
620 194 795 255 Sulluctu

111 348 277 423 dequibus
294 348 386 422 paulo
405 354 474 406 ante
492 347 593 415 retuli,
618 345 719 404 inania
733 344 829 404 indito
846 343 983 404 clamore
999 360 1057 405 son

111 438 228 492 erunt.“

84 521 95 571 t
172 516 235 573 xii.
257 515 469 572 Veniamus
492 528 590 572 nunc
613 513 753 583 adeas,
778 511 1011 585 quiomniai

112 614 210 674 cquae
238 599 378 671 retuli,
412 598 446 655 in
477 612 596 656 causa
623 611 712 656 esse
741 595 926 656 dixerunt
956 601 1024 655 aut

111 683 170 742 his
205 684 335 756 plura:
370 682 616 740 Democritus
649 681 761 754 plura
793 685 910 753 putat.
948 680 1094 739 aitenim

111 774 244 841 „motum
261 765 426 838 aliquando
443 764 642 836 spiritunon,
661 764 827 837 aliquando
840 778 937 838 aqua,
955 763 1094 837 aliquan-

111 852 152 909 do
167 854 326 922 utroquc.“
355 856 384 906 et
401 848 431 906 id
446 846 505 905 hoc
520 846 616 907 modo'
629 846 840 921 prosequitur=
873 846 1009 922 „Aliqua
1021 862 1094 922 pars

112 944 210 992 terrae
225 947 363 989 concava
378 939 434 990 est.
458 931 487 988 in
502 931 581 990 lianc
592 946 693 1005 aquae
706 933 752 990 vis
764 928 902 990 couiluit.
924 946 965 990 ex
977 930 1037 989 hac
1048 938 1095 990 est

112 1014 227 1089 aliquid
242 1022 332 1073 tenue
349 1021 378 1072 et
392 1013 502 1074 ceteris
517 1014 672 1089 liquidius.
695 1014 755 1073 hoc
769 1029 839 1073 cum
854 1014 1094 1089 superveniente

111 1100 259 1172 gravitate
274 1098 420 1157 reiectum
436 1106 498 1171 est,
521 1097 609 1157 terris
626 1098 759 1158 inliditur
774 1105 804 1157 et
817 1098 886 1158 illas
901 1104 1016 1157 movet
1038 1113 1093 1157 nec

113 1183 192 1241 enim
210 1181 351 1242 fluctuari
367 1190 470 1256 potest
486 1182 552 1241 siue
567 1189 650 1242 motu
666 1181 748 1253 cius,
772 1182 801 1239 in
818 1182 901 1256 quod
916 1181 1092 1257 inpingitur.

84 1265 292 1326 2Etiamnunc
307 1268 463 1340 quomodo
479 1266 518 1325 de
534 1266 643 1339 spiritu
653 1266 848 1337 dicebamus,
869 1265 909 1325 de
921 1282 1007 1342 aqua
1019 1282 1092 1341 quo-

114 1366 174 1425 que
196 1350 359 1411 dicendum
380 1357 444 1410 est:
472 1350 525 1408 ubi
547 1351 576 1408 in
597 1366 689 1409 unum
711 1350 813 1409 locum
834 1350 977 1409 coniecta
997 1356 1047 1409 est
1066 1358 1093 1410 et

113 1449 226 1508 capere
241 1450 275 1493 se
290 1434 395 1505 desiit,
418 1432 520 1507 aliquo
540 1432 685 1492 incumbit
700 1440 730 1493 et
745 1434 843 1507 primo
860 1433 940 1491 viam
957 1433 1093 1508 pondere

114 1520 225 1591 aperit,
249 1518 360 1577 deinde
382 1518 495 1590 inpetu.
522 1531 580 1574 nec
601 1517 681 1575 enim
696 1518 780 1576 exire
795 1516 853 1576 nisi
869 1520 926 1591 p'er
941 1517 1091 1577 devexum

112 1608 216 1676 potest
236 1601 288 1661 diu
310 1601 428 1659 inclusa
449 1614 506 1659 nec
528 1600 556 1657 in
579 1599 726 1659 directum
742 1600 854 1659 cadere
868 1601 1030 1660 moderate
1044 1607 1094 1660 aut

84 1687 180 1745 tsine
196 1684 402 1743 concussione
418 1699 539 1755 eorum,
562 1699 617 1757 per
634 1699 713 1758 quae
729 1685 778 1743 vel
792 1681 823 1743 iu
838 1699 920 1759 quae
933 1684 1028 1745 cadit.
1063 1683 1092 1743 Si

113 1783 201 1840 vero,
225 1783 294 1827 cum
309 1768 367 1825 iam
383 1769 449 1842 rapi
462 1768 578 1841 coepit,
597 1769 698 1842 aliquo
711 1768 779 1828 loco
792 1767 933 1827 subsistit
943 1774 974 1827 et
986 1767 1038 1827 illa
1048 1768 1091 1826 vis

111 1852 246 1912 fluminis
268 1853 297 1910 in
314 1868 348 1910 se
362 1854 501 1912 revoluta
516 1859 578 1924 est,
601 1850 631 1909 in
647 1851 851 1911 continentem
867 1858 981 1911 terram
995 1852 1091 1926 repel-

112 1937 181 1997 litur
196 1943 226 1996 et
240 1937 335 2008 illam,
354 1952 414 2010 qua
429 1943 515 2010 parte
529 1936 660 1994 maxime
675 1936 801 2009 pendet,
822 1936 968 2011 exagitat.
1006 1934 1090 1995 Prae

112 2027 196 2080 terea
217 2019 384 2094 aliquando
401 2020 572 2078 madefacta
587 2018 677 2079 tellus
692 2019 811 2094 liquore
826 2019 951 2093 penitus
965 2026 1091 2094 accepto

112 2105 202 2162 altius
224 2104 303 2163 sedit
323 2112 353 2163 et
373 2103 487 2163 fundus
510 2103 729 2176 mseriarum:
753 2112 825 2163 tunc
841 2118 879 2162 ea
895 2118 969 2177 pars
984 2104 1091 2179 premi·

111 2193 177 2257 tur,
198 2186 227 2244 in
250 2203 341 2259 quam
359 2185 489 2246 maxime
505 2202 651 2260 aquarum
666 2187 853 2261 vergentium
869 2187 996 2260 pondus
1012 2186 1091 2247 incli-

83 2276 171 2333 tnat.
208 2267 337 2342 Spiritus
352 2286 427 2328 vero
442 2285 671 2345 nonnumquam
686 2271 802 2345 inpellit
815 2270 917 2331 undas
932 2278 979 2344 et,
1003 2272 1030 2331 si
1044 2284 1092 2329 ve·

111 2353 282 2413 hementius
302 2352 421 2426 institit,
445 2369 512 2413 eam
533 2352 651 2415 scilicet
672 2362 788 2429 partem
808 2362 909 2415 terrae
922 2362 1043 2429 movet,
1064 2354 1091 2413 in

113 2453 205 2512 quam
229 2445 352 2497 coactas
378 2454 476 2511 aquas
502 2438 608 2498 intulit.
649 2454 877 2513 nonnumquam
908 2438 940 2496 in
973 2445 1092 2499 terrena

111 2522 220 2581 itinera
242 2521 398 2583 coniectus
421 2530 451 2581 et
471 2522 584 2581 exitum
606 2538 758 2596 quaerens
783 2530 887 2582 movet
913 2522 1038 2583 omnia:
1065 2528 1093 2581 et

110 2612 192 2665 terra
213 2624 339 2681 quoque
360 2605 558 2681 penetrabilis
580 2607 679 2665 ventis
700 2613 748 2666 est
768 2613 798 2665 et
813 2604 940 2680 spiritus
954 2606 1093 2667 subtilior

112 2698 172 2763 est,
197 2707 288 2766 quam
309 2700 342 2751 ut
364 2691 464 2765 possit
485 2690 621 2762 excludi,
650 2697 681 2748 et
701 2688 920 2763 vehementior,
949 2704 1044 2765 quam
1062 2695 1093 2747 ut

84 2772 256 2836 5sustineri
272 2775 441 2835 concitatus
458 2789 493 2833 ac
510 2773 671 2848 rapidus.“
704 2772 838 2833 Omnes
853 2774 954 2833 istas
972 2786 1095 2849 posse

112 2871 202 2915 esse
238 2875 382 2919 causas
418 2859 613 2933 Epicurus
650 2857 701 2918 ait
737 2854 956 2933 pluresque
994 2858 1092 2918 alias

111 2947 273 3014 temptat
301 2950 330 3000 et
350 2943 444 3014 alios,
466 2944 516 3017 qui
538 2942 654 3015 aliquid
667 2958 761 3001 unum
776 2956 816 3000 ex
829 2940 896 3001 istis
912 2956 988 3003 esse
1003 2940 1092 3001 adiir·

111 3031 285 3095 maveruut,
309 3026 447 3100 conipit,
471 3042 538 3086 cum
560 3027 599 3086 sit
620 3026 748 3085 arduum
768 3026 807 3084 de
829 3023 892 3099 his,
919 3040 1002 3100 quae
1023 3040 1093 3085 con·

84 3108 229 3174 sicciora
250 3109 410 3181 sequenda
430 3118 514 3183 sunt,
538 3109 654 3185 aliquid
670 3110 743 3169 certi
757 3108 945 3183 promittere.
983 3108 1092 3185 „Erga

111 3199 144 3251 ut
165 3192 219 3263 ait,
245 3197 346 3266 potest
366 3199 476 3253 terrum
493 3210 678 3254 conmovere
692 3208 787 3268 aqua,
810 3192 836 3251 si
852 3200 958 3267 partes
974 3194 1093 3269 aliquus

112 3276 186 3335 eluit
207 3283 237 3334 et
258 3275 387 3349 abrasit,
409 3278 519 3350 quibus
535 3279 625 3338 desiit
639 3291 735 3353 posse
749 3274 923 3337 extenuatis
938 3275 1092 3348 sustineri,

113 3361 197 3435 quod
209 3360 333 3434 integris
347 3361 509 3421 serebatur.
536 3362 642 3423 Potest
652 3371 763 3422 terram
777 3374 964 3420 commovero
974 3361 1093 3437 inpres-

112 3445 159 3505 sio
173 3443 313 3520 spiritus:
333 3445 465 3505 sortasse
477 3446 556 3504 enim
568 3462 621 3505 aer
632 3446 692 3505 alio
704 3447 833 3506 intrante
844 3444 940 3521 [abre]
953 3444 1084 3520 agitatur
