2364 3840
310 196 451 258 aaron.
468 196 631 271 ouansr.
653 197 724 257 urs.
738 199 760 256 ι.
783 208 808 258 1.
820 207 846 259 s.
1008 199 1068 263 ma

91 346 237 422 luigor,
265 349 329 422 qui
357 349 487 408 sidera
514 349 779 408 circumvenit.
815 348 981 410 Memoriae
999 369 1068 425 pro·

90 431 185 492 ditum
210 437 272 504 est,
300 449 361 506 quo
378 432 429 491 die
442 432 548 492 urbem
563 432 653 493 divus
667 434 826 506 Augustus
842 433 1008 507 Apollonia
1022 452 1069 494 re-

90 530 202 575 versus
217 514 351 590 intravit,
373 515 454 574 circa
469 516 565 576 solem
581 517 679 575 visum
695 517 807 576 coloris
824 516 900 575 varii
915 516 1069 592 circulum,

91 597 192 673 qualis
207 598 237 657 in
253 613 327 659 arcu
342 614 415 659 esse
431 600 519 659 solet.
540 599 621 659 hunc
637 599 745 659 Graeci
762 599 850 661 halo
867 608 992 675 vocant,
1011 618 1069 662 nos

90 682 195 742 dicere
210 697 390 743 coronam
406 683 564 757 aptissime
579 699 755 758 possumus.
780 700 858 758 quae
871 684 1068 758 quemadmo-

89 765 162 824 dum
178 763 245 825 fieri
260 765 392 838 dicatur,
416 782 579 841 exponam.
616 765 689 824 Cum
704 766 733 825 in
746 768 895 841 piscinam
908 769 985 842 lapis
998 769 1100 827 mis-2

89 865 145 910 sus
168 855 230 922 est,
253 847 396 915 ridemus
417 850 448 908 in
470 849 581 910 multos
603 850 694 909 orbes
717 866 827 925 aquam
852 852 1013 912 discedere
1040 860 1069 912 et

88 933 156 991 lieri
176 932 307 1006 primurn
330 933 578 1006 angustissimum
600 933 720 1007 orbem,
748 933 860 993 deinde
881 936 1017 995 latiorem
1032 950 1068 995 ac

88 1015 203 1076 deinde
217 1015 294 1076 alios
309 1017 456 1090 maiores,
480 1018 579 1077 donec
595 1024 761 1076 evanescat
774 1018 895 1091 inpetus
911 1027 941 1078 et
957 1021 987 1078 in
1003 1022 1067 1094 pla-

88 1098 194 1159 nitiem
214 1098 395 1159 inmolaru‘m
418 1117 565 1175 aquarum
587 1100 739 1159 solvatur:
768 1102 827 1160 talc
849 1101 993 1176 quiddam
1017 1119 1067 1165 co·

87 1184 222 1258 gitemus
237 1182 304 1242 lieri
318 1183 407 1243 etiam
423 1185 453 1242 iu
469 1188 548 1244 aere.
573 1200 641 1243 cum
657 1184 788 1257 spissior
804 1185 901 1244 lactus
918 1192 979 1258 est,
999 1202 1067 1246 sen-

88 1267 146 1327 tire
168 1267 289 1341 plagam
311 1274 427 1340 potest:
452 1268 504 1327 lux
521 1267 597 1327 solis
612 1275 664 1327 aut
678 1269 768 1326 lunae
784 1268 832 1325 vel
848 1268 1010 1329 cuiuslibet
1027 1269 1068 1328 si·

88 1349 174 1410 deris
199 1351 358 1411 incurrens
382 1351 529 1410 recedere
555 1352 636 1410 illum
664 1350 693 1408 in
719 1350 850 1412 circulos
877 1352 965 1426 cogit.
1000 1367 1069 1412 nam

87 1433 201 1494 humor
221 1441 251 1494 et
271 1449 323 1493 aer
344 1442 373 1494 el
388 1451 492 1506 omne,
515 1434 599 1508 quod
616 1450 654 1494 ex
668 1433 730 1494 ictu
750 1435 876 1495 formam
891 1435 1017 1509 accipit,
1038 1436 1068 1494 in

87 1519 180 1579 telem
201 1517 334 1576 habitum
357 1518 524 1592 inpellitur,
554 1519 652 1592 qualis
668 1527 716 1578 est
736 1519 816 1590 eius,
844 1520 928 1594 qnod
942 1520 1066 1594 inpellit.

88 1617 181 1663 mnne
202 1607 302 1660 autem
324 1601 424 1660 lumen
445 1602 609 1661 rotundum
629 1609 691 1661 est:
719 1617 792 1676 ergo
814 1610 844 1663 et
864 1619 917 1662 aer
938 1604 967 1662 in
987 1603 1068 1662 hunc

88 1685 215 1745 modum
236 1684 349 1744 lumine
369 1700 536 1759 percussus
556 1684 657 1744 exibit.
696 1685 740 1745 Ob
756 1686 815 1745 hoc
830 1687 906 1746 tales
922 1687 1097 1761 splendo-3

87 1783 141 1828 res
157 1767 265 1830 Graeci
287 1784 400 1829 areas
420 1776 622 1838 vocaverunt,
648 1771 719 1842 quia
741 1769 805 1826 iere
820 1770 955 1830 terendis
974 1770 1066 1844 frugi-

86 1851 149 1912 bus
170 1851 321 1911 destinata
342 1854 410 1912 loca
431 1854 563 1912 rotunda
585 1859 664 1912 sunt.
706 1852 772 1910 Non
795 1859 960 1912 astantem
984 1853 1068 1926 quod

87 1935 300 1995 existimemus
320 1935 412 2009 istas,
440 1936 506 1995 sive
528 1951 618 1994 areae
639 1934 704 1994 sive
726 1950 859 1995 coronae
881 1935 955 2007 sint,
978 1935 1008 1994 in
1023 1935 1066 1994 vi·

87 2018 170 2079 cinia
184 2017 319 2078 siderum
335 2019 410 2079 lieri.
433 2020 595 2093 plurimum
611 2019 689 2077 enim
705 2018 743 2077 ab
759 2018 806 2077 his
822 2018 944 2092 absunt,
963 2034 1066 2093 quam-

88 2101 138 2163 vis
160 2099 283 2176 cingere
305 2117 342 2161 ea
362 2109 392 2161 et
411 2118 560 2162 coronare
574 2102 747 2160 videantur:
770 2117 831 2161 non
846 2104 937 2176 longe
953 2119 971 2162 a
986 2109 1068 2161 terra

86 2185 122 2247 fit
136 2185 206 2245 talis
222 2185 356 2259 effigies,
376 2202 468 2261 quam
484 2187 570 2246 visus
586 2192 690 2244 noster
705 2185 795 2245 solita
809 2185 1002 2247 inbecillitate
1014 2186 1068 2244 de-

87 2275 201 2343 eeptus
217 2265 298 2328 circa
313 2269 413 2344 ipsum
429 2270 516 2330 sidus
531 2276 616 2345 putat
632 2270 772 2343 positam.
800 2269 833 2328 In
845 2271 955 2329 vicinia
966 2277 1096 2331 autemt

87 2352 246 2413 stellarum
267 2359 296 2411 et
316 2353 391 2412 solis
414 2351 487 2412 nihil
507 2354 567 2413 tale
589 2360 690 2427 potest
707 2353 789 2427 fieri,
808 2355 879 2427 quia
893 2355 953 2412 illic
968 2353 1067 2413 lenuis

87 2435 196 2497 aether
215 2442 272 2494 est.
300 2452 370 2496 nam
391 2437 507 2496 lormae
529 2439 642 2496 crassis
665 2437 786 2495 denium
809 2436 984 2509 spissisque
1000 2450 1066 2494 cor-

88 2518 219 2595 poribus
235 2517 355 2594 inprimi
370 2522 479 2592 solent,
493 2519 700 2593 insubtilibus
716 2536 777 2578 non
793 2518 913 2590 habent,
930 2516 981 2576 ubi
995 2532 1066 2576 con·

88 2601 202 2664 sistant
221 2609 273 2662 aut
292 2601 447 2663 haereant.
482 2604 515 2662 ln
536 2603 654 2663 balneis
676 2616 800 2677 quoque
816 2602 896 2659 circa
912 2602 1066 2658 lucernam

88 2688 150 2748 tale
173 2684 319 2759 quiddam
339 2686 458 2761 adspici
479 2690 558 2746 solet
578 2688 618 2746 ob
641 2687 720 2744 aeris
736 2685 824 2744 densi
840 2683 1065 2744 obscuritatem.

88 2772 140 2846 ἣ.
165 2769 398 2844 Nonnumquam
420 2771 564 2845 paulatim
583 2770 737 2830 diluuntur
757 2775 787 2826 et
808 2765 966 2839 desinunt,
992 2779 1095 2834 non-5

88 2869 256 2926 numquam
272 2853 310 2912 ab
324 2854 427 2928 aliqua
446 2863 532 2928 parte
544 2859 722 2927 rumpuntur
735 2859 764 2910 et
775 2851 846 2910 inde
860 2859 982 2910 ventum
992 2867 1065 2910 nau-

87 2935 141 2999 tici
161 2944 358 3011 exspectant,
381 2938 463 2996 unde
478 2944 638 2997 contextus
656 2949 788 2994 coronae
804 2934 897 3008 perit:
918 2933 946 2994 si
963 2952 981 2994 a
996 2950 1065 3009 sep-

88 3020 250 3082 temtrione
273 3019 431 3094 discessit,
453 3021 555 3095 aquilo
580 3020 649 3091 erit,
673 3019 699 3077 si
723 3017 760 3077 ab
783 3016 956 3091 occidente,
981 3019 1065 3079 lavo-

88 3104 168 3166 nius.
206 3104 289 3180 quod
310 3112 520 3178 argumentum
541 3112 589 3164 cst
608 3103 684 3161 intra
703 3119 769 3161 eam
785 3108 902 3178 partem
917 3103 994 3163 coeli
1009 3103 1065 3162 has

88 3188 156 3249 fleri
176 3203 326 3260 coronas,
349 3189 428 3248 intra
449 3204 539 3263 quam
556 3187 637 3246 venti
654 3203 779 3261 quoque
795 3202 867 3247 esse
882 3189 991 3247 solent.
1015 3203 1066 3246 su·-

88 3273 212 3348 periora
226 3274 350 3350 [autem]
367 3289 428 3332 nou
443 3270 555 3330 habent
569 3287 716 3343 coronas,
742 3270 866 3345 quia-ne
878 3278 987 3330 ventos
1001 3269 1066 3344 qui-

88 3356 169 3418 dem.
198 3356 261 3416 'His
276 3355 462 3429 argumentis
478 3363 507 3414 et
527 3356 600 3414 illud
616 3354 718 3427 adice,
741 3371 906 3429 numquam
923 3358 1095 3414 coronom6

87 3439 191 3516 colligi
213 3440 271 3499 nisi
293 3439 393 3499 stabili
414 3442 485 3498 aere
502 3445 532 3498 et
547 3439 634 3513 pigro
651 3445 755 3513 vento,
778 3440 799 3513 †
819 3435 1066 3511 frequentissime

848 3520 903 3580 11*
