2364 3840
71 212 74 219 ·
110 181 173 246 104
401 182 434 241 L.
453 180 601 240 ANNAEI
621 179 796 241 Sulluctu

110 332 253 392 nelicium
274 331 369 390 verbo
391 345 429 389 ne
451 331 625 403 corruperis
649 331 796 390 creditum
812 330 966 391 iaciendo.
1004 347 1082 406 prae·

80 418 195 476 'lterea
214 416 279 486 lex,
307 414 392 490 quod
413 430 474 474 non
500 415 589 474 iussit
609 415 722 488 repeti,
748 414 873 473 vetuit.“
913 416 999 474 Vera
1022 422 1083 475 sunt

110 499 179 559 istu.
208 499 352 572 quamdiu
364 513 412 555 me
424 496 496 554 nihil
508 505 608 571 urget,
626 497 770 571 quamdiu
781 498 902 557 lortuna
913 497 988 558 nihil
1003 499 1083 574 cogit,

111 590 213 658 petam
227 582 331 656 potins
346 580 529 640 beneficium
544 596 637 654 quam
650 587 796 654 repetam.
823 580 880 640 sed
896 581 923 640 si
939 580 980 640 de
995 584 1084 643 salute

111 667 275 726 liberorum
297 663 411 737 agitur,
433 664 458 722 si
474 665 503 722 in
520 665 687 737 periculum
704 680 782 724 uxor
795 661 971 738 deducitur,
996 664 1025 724 si
1039 681 1083 740 pa·

110 750 187 809 triae
212 751 295 807 salus
322 762 358 805 ac
384 745 507 806 libertas
532 747 619 808 mittit
639 763 686 805 me
706 747 796 807 etiam
819 763 881 820 quo
902 748 948 806 ire
969 748 1083 820 nollem,

110 831 268 906 imperabo
291 831 402 906 pudori
422 845 491 889 meo
513 838 544 890 et
563 829 699 891 testabor
719 831 823 891 omnia
836 845 886 889 me
899 831 1031 906 iecisse,
1053 847 1084 891 ne

112 931 191 990 opus
212 923 297 975 esset
316 913 388 973 mihi
408 915 521 974 auxilio
537 915 668 974 hominis
682 913 800 989 ingrati.
828 914 1000 975 novissime
1016 911 1084 975 reoi-

111 998 215 1074 piendi
231 999 372 1059 beneficii
390 999 560 1058 necessitas
575 999 735 1073 repetendi
748 997 968 1058 verecundiam
980 999 1085 1059 vincet

111 1080 245 1155 Deinde,
268 1099 337 1143 cum
356 1083 439 1143 bono
462 1083 526 1142 viro
541 1080 722 1141 beneficium
738 1080 794 1154 do,
817 1082 862 1141 sic
880 1081 920 1142 do
936 1089 1084 1158 tamquam

113 1183 279 1241 numquam
293 1168 491 1241 repetiturus,
512 1165 570 1224 nisi
586 1180 715 1223 necesse
730 1164 830 1225 luerit.

85 1257 99 1308 1
174 1251 250 1310 XXl.
280 1251 363 1325 „Sed
384 1253 449 1322 lex,
471 1248 582 1321 iuquit,
606 1265 666 1308 non
682 1248 883 1323 permittendo
899 1249 1027 1323 exigere
1040 1265 1083 1308 ve

112 1334 196 1394 tuit.“
230 1334 325 1395 Multa
344 1335 442 1407 legem
464 1347 525 1390 non
544 1330 657 1391 habent
676 1348 734 1392 nec
754 1332 919 1405 actionem,
947 1333 990 1392 ad
1014 1347 1085 1408 quae

113 1420 303 1479 consuetudo
320 1417 398 1475 vitae
410 1416 558 1474 humanae
570 1415 638 1489 lege
650 1417 731 1475 omni
742 1414 890 1477 valentior
902 1417 956 1475 dat
967 1417 1085 1478 aditum.

111 1502 199 1561 Nullo
220 1504 270 1560 lex
291 1499 374 1559 iubet
395 1499 560 1557 amicormn
582 1506 701 1558 secreta
719 1515 780 1559 non
799 1500 910 1574 eloqui.
944 1501 1029 1560 nulla
1043 1502 1086 1559 lex

112 1585 196 1646 iubet
210 1584 301 1644 fidem
317 1583 406 1642 etiam
421 1582 542 1641 inimico
559 1591 723 1656 praestare.
747 1597 828 1657 quae
841 1583 892 1642 lex
907 1583 948 1641 ad
960 1584 991 1643 id
1004 1599 1085 1660 prae·

113 1668 255 1729 standum
276 1680 348 1735 noS,
377 1664 462 1739 quod
482 1667 572 1725 alicui
592 1665 805 1740 promisimus,
828 1666 965 1740 adligati
994 1668 1074 1727 nulla

113 1765 224 1826 querar
244 1755 343 1807 tamen
360 1763 428 1807 cum
447 1765 500 1822 eo,
524 1751 575 1823 qui
591 1766 735 1809 arcanum
751 1766 925 1810 sermonem
939 1766 1003 1810 non
1020 1767 1085 1810 con·

83 1832 233 1899 atinuerit
253 1839 284 1890 et
304 1832 396 1891 fidem
419 1833 519 1892 datam
536 1849 591 1892 nec
608 1841 761 1893 servatam
776 1833 970 1908 indignabor.
1009 1833 1086 1908 „Sed

112 1933 150 1977 ex
163 1915 328 1988 beneficio,
348 1916 459 1991 inquit,
475 1918 622 1976 creditum
632 1918 739 1976 lacis.“
775 1917 912 1977 Minime:
937 1916 1087 1977 nonenim

112 2001 218 2074 exigo,
241 2000 298 2058 sed
319 2006 441 2074 repeto,
464 2008 494 2059 et
514 2016 552 2059 ne
571 2008 678 2075 repeto
695 2001 832 2075 quidem,
855 2001 912 2060 sed
926 2000 1094 2061 admoneo:

112 2101 181 2144 nam
196 2083 299 2142 ultima
314 2084 439 2157 quoque
454 2085 623 2143 necessitas
637 2100 696 2143 non
710 2085 740 2142 in
755 2084 814 2144 hoe
826 2091 911 2159 aget,
927 2091 960 2142 ut
971 2085 1013 2144 ad
1025 2101 1088 2144 eum

111 2168 247 2240 veniam,
276 2182 345 2226 oum
368 2182 428 2240 quo
452 2165 504 2226 diu
524 2166 596 2224 milri
615 2168 789 2228 luctandum
812 2167 860 2228 sit.
896 2167 932 2227 St
945 2169 1017 2242 quis
1032 2175 1088 2227 tam

111 2253 247 2325 ingratus
269 2258 330 2322 est,
352 2257 385 2308 ut
399 2249 441 2308 illi
456 2266 520 2309 non.
534 2251 573 2308 sit
587 2251 661 2310 satis
676 2252 846 2325 admoneri,
869 2267 939 2310 eum
954 2251 1088 2312 transibo

82 2341 166 2398 inec
182 2334 307 2407 dignum
322 2333 479 2406 iudicabo,
497 2335 548 2407 qui
560 2343 663 2408 gratus
676 2351 747 2394 esse
760 2343 895 2409 cogatur.
929 2335 1088 2408 Quomodo

111 2420 264 2478 fenerator
280 2415 431 2492 quosdam
447 2418 601 2477 debitores
624 2435 684 2478 non
701 2420 850 2493 adpellat,
869 2434 950 2493 quos
966 2420 1025 2480 scit
1039 2420 1088 2478 de-

111 2500 236 2561 coxisse
258 2501 337 2561 etin
360 2516 489 2574 quorum
511 2501 659 2575 pudorem
680 2500 753 2562 nihil
776 2508 918 2577 superest
932 2502 993 2562 nisi
1009 2500 1088 2578 quod

109 2591 230 2659 percat,
255 2585 300 2645 sio
321 2599 379 2657 ego
402 2585 553 2658 quosdam
573 2587 708 2660 ingratos
730 2586 831 2659 palam
846 2602 882 2646 ac
898 2587 1089 2661 pertinaciter

110 2669 285 2743 praeteribo
306 2681 363 2726 nec
384 2668 421 2726 ab
443 2669 505 2729 ullo
526 2669 708 2729 beneficium
728 2677 881 2744 repetam,
909 2669 969 2729 nisi
991 2683 1089 2746 aquo

110 2768 171 2812 non
186 2751 342 2811 ablaturus
357 2767 426 2823 ero,
450 2751 507 2811 sed
521 2760 711 2827 recepturus.

82 2841 97 2895 l
170 2836 262 2894 XXll.
291 2833 376 2893 Multi
392 2843 477 2911 sunt,
499 2837 551 2911 qui
567 2851 624 2895 nec
640 2848 753 2908 negare
768 2837 880 2909 sciant,
902 2836 989 2910 quod
1004 2851 1088 2896 acce·

109 2925 233 2995 parunt,
260 2934 318 2977 nec
338 2919 463 2978 referre.
495 2920 547 2994 qui
567 2934 624 2979 nec
644 2927 704 2978 tam
725 2920 798 2979 boni
820 2928 892 2980 sunt
906 2937 998 2994 quam
1015 2918 1088 2994 grati

108 3011 166 3062 'nec
181 3010 242 3062 tam
256 3003 326 3061 mali
342 3019 433 3077 quam
448 3003 571 3076 ingrati,
588 3017 700 3076 segnes
712 3010 743 3062 et
756 3004 848 3077 tardi,
864 3004 946 3062 lenta
956 3004 1088 3074 nomina,

109 3102 170 3147 non
183 3088 271 3145 mala.
292 3086 350 3146 hos
363 3102 422 3161 ego
435 3102 495 3145 non
508 3085 685 3159 adpellabo,
705 3087 761 3146 sed
777 3086 1050 3147 commonefaciam
1062 3092 1089 3145 et

110 3170 149 3229 ad
165 3169 300 3230 osticium
323 3170 405 3229 aliud
427 3176 553 3242 agentes
574 3168 730 3229 reducam.
765 3171 817 3243 qui
839 3170 939 3230 statim
957 3171 1029 3229 milri
1046 3169 1089 3230 sir

107 3253 355 3327 respondebunt:
379 3253 542 3326 „lgnosce‚
563 3266 624 3310 non
637 3251 811 3314 mehercule
827 3254 903 3313 scivi
918 3253 978 3313 hoc
993 3262 1023 3314 te
1037 3254 1088 3314 de-

109 3335 262 3409 siderare,
286 3335 421 3410 alioquin
442 3335 519 3393 ultro
542 3335 730 3395 obtulissem.
757 3353 849 3412 rogo,
871 3352 910 3396 ne
925 3352 974 3396 me
990 3337 1089 3412 ingra-

100 3425 171 3480 tum
189 3421 364 3481 existimes=
384 3415 506 3476 memini
522 3417 595 3492 quid
609 3419 681 3477 mihi
696 3421 915 3495 praestiteris.“
949 3421 1016 3481 Hos
1031 3435 1090 3497 ego
