2364 3840
276 168 327 228 DE
342 166 554 227 BENEFICHS
576 165 649 231 LIB.
662 167 714 230 IV.
736 175 853 228 8-11.
1022 163 1063 224 65

87 319 271 382 beneficium
287 319 361 378 dure
375 319 549 392 expetenda
562 334 613 377 res
628 326 720 378 esset.
756 319 869 392 alioqui
891 319 969 377 enim
988 336 1063 392 quo-

90 420 223 479 cumque
245 404 314 461 loco
341 408 371 461 el
391 417 585 475 quocumque
607 401 700 460 modo
722 401 859 474 daretur,
880 401 1097 464 beneficiume

89 493 184 548 erat.“
224 487 394 545 Honestum
420 491 545 560 propter
568 486 681 544 nullam
707 485 795 543 uliam
822 501 945 544 causam
973 501 1064 559 quam

90 579 216 648 propter
234 571 335 643 ipsmn
351 568 517 643 sequimur.
559 577 658 627 tamen
679 568 796 627 etiamsi
819 568 890 626 nihil
910 569 993 628 aliud
1015 584 1062 627 se·

91 655 247 731 quendum
258 658 314 725 est,
331 653 503 726 quaerimus
513 651 586 725 quid
597 651 914 726 iaciamusetquando
924 660 1063 726 etquem-

91 738 275 799 admodum·
305 751 361 809 per
386 735 462 795 haee
491 735 570 793 enim
595 751 670 794 cons
673 742 724 794 tut.
759 734 865 810 ltaque
892 751 959 794 cum
985 735 1064 829 eligo

93 823 141 882 cui
157 823 226 880 dem
240 816 436 891 beneficium,
453 819 482 877 id
499 834 556 892 ogo
572 825 606 877 ut
620 818 1063 893 quandoquebeneficium'ts1t.

94 907 165 981 quia
181 904 206 962 si
222 902 302 976 turpi
317 903 368 960 dat
358 909 419 973 t‚ur
442 917 499 959 neo
513 900 673 961 honestum
690 918 761 1003 csse
776 919 816 976 po
819 908 878 962 test
899 918 956 962 nee
974 903 1066 961 bene

96 990 209 1048 [icium

157 1070 194 1128 X
216 1067 396 1140 Depositum
411 1068 542 1127 reddere
557 1083 611 1142 per
627 1084 726 1127 seres
742 1075 834 1143 expet
823 1069 914 1128 tenda
930 1077 991 1142 est,
1007 1085 1068 1128 non
1084 1077 1096 1127 1

95 1151 1070 1226 mmmsmmmrmmm‚mommmmlmomcmmmm

95 1245 244 1310 tempore.
267 1234 431 1308 aliquando
447 1235 519 1292 nihil
535 1235 662 1294 interest
676 1241 775 1294 utrum
792 1235 901 1293 infitier
916 1251 953 1293 an
970 1238 1069 1309 polam

50 1334 52 1375 ;
95 1321 238 1379 reddam:
261 1317 401 1377 intuebor
420 1317 577 1377 utilitatem
593 1318 673 1392 eius,
697 1319 744 1377 cui
768 1318 943 1387 redditurus
960 1335 1026 1378 sum
1042 1325 1072 1376 et

96 1404 267 1464 nociturum
283 1401 325 1460 illi
340 1401 513 1474 depositum
535 1402 665 1474 negabo.
701 1403 784 1462 idem
805 1401 835 1460 in
856 1402 1006 1462 beneficio
1028 1402 1104 1461 ιιι-2

98 1489 191 1546 eiam:
222 1486 334 1544 videbo
362 1486 485 1559 quando
512 1485 596 1556 dem,
623 1485 671 1544 eui
697 1487 780 1557 dem,
805 1486 1071 1559 quemadmodum,

99 1584 204 1645 quare.
240 1567 314 1627 nihil
337 1569 415 1628 enim
438 1568 504 1627 sine
524 1568 643 1627 ratione
662 1569 833 1628 laciendum
849 1574 906 1628 est.
943 1574 1073 1628 nonest

97 1671 138 1713 au
140 1660 200 1711 tem
214 1651 397 1709 beneficium
412 1652 470 1710 nisi
487 1652 570 1725 quod
583 1658 630 1710 rat
619 1652 700 1710 tione
715 1653 766 1712 dat
756 1661 816 1724 tur,
837 1653 980 1726 quoniam
995 1651 1072 1710 ratio

99 1735 200 1797 omnis
219 1732 341 1790 honesti
357 1748 460 1792 comes
475 1740 531 1794 est.
567 1734 663 1806 Quum
684 1750 779 1808 saepe
802 1735 957 1794 hominum
979 1736 1073 1796 duna·
1089 1741 1106 1794 3

98 1820 215 1879 tionem
231 1831 317 1876 suam
332 1815 534 1874 inconsultam
555 1816 776 1889 obiurgantium
793 1819 877 1877 hanc
894 1819 1074 1877 exaudimus

99 1916 226 1960 vocem:
247 1898 387 1972 „mallem
404 1899 575 1972 perdidisse
596 1915 687 1973 quam
701 1901 742 1957 illi
759 1900 924 1958 dedisset“
951 1902 1074 1974 Turpis-

100 1984 212 2046 simum
229 1998 328 2057 genus
344 1983 446 2040 damni
461 1989 508 2041 est
497 1980 674 2041 tinconsult
675 1983 826 2041 udonatio
840 1984 997 2058 multoque
1008 1999 1074 2056 gra-

100 2070 171 2128 vius
187 2067 265 2126 male
280 2064 407 2141 dedisse
420 2065 603 2125 beneficium
619 2082 710 2140 quam
722 2083 782 2124 non
793 2068 960 2140 recepisse.
978 2067 1078 2124 aliena

102 2152 184 2214 enim
201 2153 291 2224 culpa
307 2157 368 2223 est,
388 2151 471 2224 quod
485 2166 547 2208 non
563 2150 752 2224 recepimus:
772 2150 855 2224 quod
871 2151 918 2211 cui
933 2150 1076 2209 daremus

100 2253 165 2297 non
183 2235 344 2308 elegimus,
360 2241 472 2294 nostra.
499 2234 533 2292 ln
549 2235 697 2293 electione
712 2234 784 2293 nihil
799 2235 898 2293 minus
918 2250 1008 2307 qulam
1019 2233 1110 2293 hoco

103 2317 1074 2395 mmmmmmmmmmmammmmmmdmdm

103 2402 187 2463 enim
213 2416 296 2472 eum,
320 2399 373 2473 qui
393 2408 513 2476 gratus,
543 2419 603 2461 non
630 2402 682 2475 qui
706 2400 881 2461 redditurus
906 2402 959 2461 sit:
983 2416 1079 2474 saepe

106 2490 209 2544 autem
224 2489 254 2541 et
269 2498 330 2541 non
345 2483 518 2544 redditurus
535 2492 638 2558 gratus
655 2492 702 2544 est
716 2492 745 2544 et
759 2485 895 2558 ingratus
912 2483 965 2557 qui
979 2483 1079 2541 reddi-

106 2568 161 2628 dit.
196 2566 246 2625 Ad
262 2564 395 2626 animum
410 2567 507 2628 tendit
521 2569 688 2628 aestimatio
704 2583 780 2626 mea.
805 2568 875 2626 ideo
886 2567 1081 2640 locupletem,
1096 2575 1112 2626 5

107 2651 166 2712 sed
181 2648 337 2724 indignum
352 2652 540 2724 praeteribo:
563 2652 691 2726 pauperi
714 2650 880 2710 virobono
902 2649 991 2710 dabo.
1027 2648 1083 2706 erit

107 2732 1079 2810 emmmmmmmffimdfflmmfflfflwm

107 2817 262 2891 supererit
278 2816 407 2876 animus.

152 2901 203 2959 ΧΙ.
224 2900 292 2958 Non
307 2902 424 2960 luorum
446 2916 485 2960 ex
507 2901 656 2960 beneficio
680 2908 785 2974 capte,
810 2900 1113 2975 nonuoluptatem,1

110 3001 173 3044 non
189 2983 326 3057 gloriam.
355 2984 408 3043 uni
422 2986 546 3058 placere
561 2989 720 3044 contentus
735 2985 765 3042 in
781 2985 839 3045 hoc
852 2986 940 3057 dabo,
955 2991 989 3044 ut
1001 2982 1085 3058 quod

110 3073 235 3144 oportet
250 3066 367 3126 facium.
405 3068 488 3140 quod
510 3074 632 3141 oportet
655 3076 834 3128 autemnon
860 3076 907 3128 est
932 3068 998 3128 sine
1024 3069 1083 3126 elc-

112 3151 229 3212 ctione:
254 3166 333 3224 quae
349 3152 447 3224 qualis
463 3151 563 3210 lutura
579 3152 617 3209 sit
630 3152 819 3225 interrogas?
853 3153 971 3226 Eligam
987 3152 1085 3209 virum

112 3232 1160 3309 immsfflmmmmgmmmmm·

113 3324 251 3391 nentem,
275 3318 322 3377 sui
337 3333 399 3376 non
420 3332 512 3376 avare
527 3324 679 3391 tenacem,
703 3320 897 3378 benevolum.
932 3318 1014 3375 hunc
1029 3330 1086 3389 ego

114 3417 184 3461 cum
206 3403 344 3475 elegero,
364 3400 434 3460 licet
455 3399 527 3462 nihil
547 3401 587 3461 illi
604 3403 724 3463 fortune
745 3404 871 3475 tribuat,
892 3417 932 3460 ex
953 3416 1014 3473 quo
1041 3413 1087 3454 re-

158 3503 257 3541 sunucn
271 3505 341 3543 euin.
356 3489 388 3543 ll.
906 3493 922 3543 5
