2346 3832
114 175 177 239 144
419 176 452 232 L.
473 176 620 233 Annaei
640 174 815 235 SENECAE

112 331 191 388 cium
205 328 364 399 redderet,
386 326 500 384 obstitit
517 326 559 383 illi
579 326 708 385 felicitas
729 334 796 385 tua:
824 326 897 386 nihil
915 328 1025 388 incidit
1039 330 1092 390 du·

111 415 191 485 rins,
209 411 292 486 quod
305 426 407 468 reram
418 407 579 467 amicitiam
592 409 791 483 experiretur.
813 409 961 484 locupleti
976 413 1091 472 donam

112 513 172 557 non
191 496 302 570 potuit,
320 510 396 553 sano
413 491 571 562 adsidere,
588 493 669 551 felici
688 507 882 552 succurrere=
900 495 1032 567 gratiam
1045 513 1087 555 re

111 580 191 651 tulit,
208 578 325 638 etiamsi
346 584 378 636 tu
391 575 574 635 beneficium
590 592 651 635 non
663 576 816 649 recepisti.
841 576 1011 637 Praeterea
1023 580 1090 639 huic

112 666 244 723 intentus
260 677 381 734 semper
396 668 425 718 et
438 659 528 718 huius
543 660 587 717 rei
600 666 721 733 tempus
736 658 902 734 opperiens
920 662 975 734 qui
989 663 1021 721 in
1035 663 1089 723 hoc

113 749 238 806 multum
254 760 360 817 curae,
384 745 509 802 multum
526 743 695 802 sedulitatis
710 743 861 817 inpendit,
883 745 956 818 plus
973 746 1089 806 labora-

81 832 155 890 5vit
180 844 269 902 quam
296 827 343 885 cui
370 827 429 884 cito
457 828 571 885 referre
596 827 722 900 gratiam
749 827 882 900 contigit
938 828 1089 890 Debitoris

113 910 286 984 exemplum
312 908 460 968 dissimile
481 918 541 983 est,
560 911 608 968 eui
629 926 735 984 parum
750 918 797 970 est
819 911 985 984 pecuniam
1000 929 1089 988 quae·

113 997 209 1065 sisse,
236 992 295 1051 nisi
314 993 417 1052 solvit.
449 993 509 1051 illic
535 995 615 1052 enim
635 1000 695 1052 stat
720 995 851 1053 acerbus
878 1009 976 1068 super
1002 1004 1091 1073 caput

114 1078 260 1149 creditor,
284 1078 335 1151 qui
358 1079 472 1136 nullum
494 1077 574 1138 diem
596 1077 690 1151 gratis
714 1078 856 1137 occidere
872 1077 1024 1151 patiatur:
1044 1079 1089 1138 hic

113 1161 369 1236 benignissimus,
393 1161 444 1236 qui
466 1176 534 1220 cum
549 1168 578 1219 te
591 1159 699 1219 viderit
714 1168 948 1221 concursantem
966 1171 998 1223 et
1012 1164 1088 1224 solli·

115 1247 205 1306 citum
221 1253 314 1320 atque
328 1245 467 1313 anxium,
484 1245 578 1305 dicat:

353 1330 438 1392 fliete
454 1330 533 1387 hanc
551 1329 588 1387 de
602 1338 721 1402 pectore
734 1343 848 1388 euram.

116 1415 223 1473 desine
242 1414 295 1472 tibi
315 1413 461 1471 molestus
480 1413 604 1469 instare.
627 1410 729 1471 omnia
742 1427 760 1469 a
774 1417 803 1470 tc
817 1410 929 1471 habeo.
951 1413 1089 1472 iniuriam

115 1497 187 1555 mihi
209 1497 300 1569 facis,
324 1497 351 1553 si
371 1511 419 1552 mc
441 1496 605 1568 quicquam
620 1495 751 1568 amplius
768 1494 947 1554 desiderare
962 1496 1088 1557 iudicas.

82 1580 293 1653 §plenissime
317 1579 356 1636 ad
381 1593 429 1635 me
455 1579 593 1650 pervenit
618 1578 735 1638 animus
755 1586 833 1637 tuus.
865 1580 960 1652 „dim
987 1580 1088 1656 inquit,

115 1662 187 1720 mihi
201 1661 250 1733 [si]
266 1661 397 1719 rediisse
413 1661 595 1719 beneficium
610 1662 743 1733 diceres,
766 1662 849 1720 illum
864 1663 996 1736 gratiam
1013 1658 1087 1723 r'etu·

116 1745 212 1803 iisset
242 1743 359 1803 Eodem
381 1760 454 1818 ergo
478 1746 547 1805 loco
570 1754 631 1815 est,
659 1746 711 1820 qui
736 1744 869 1805 reddidit
894 1754 926 1806 et
952 1748 1005 1821 qui
1030 1762 1087 1807 non

114 1826 293 1887 reddiditt“
327 1827 438 1888 Contra
456 1845 536 1888 nime
558 1829 632 1890 iliud
655 1845 751 1902 ponet
774 1828 800 1886 si
815 1828 927 1888 oblitus
943 1840 1031 1892 esset
1043 1846 1088 1889 ac·

116 1913 196 1988 cepti
210 1912 366 1986 beneficii,
383 1914 408 1973 si
424 1928 481 1972 nee
493 1919 671 1987 temptasset
685 1911 806 1986 quidem
818 1919 924 1985 gratus
940 1929 1024 1986 esse,
1040 1929 1088 1973 ne·

116 2012 206 2069 garcs
222 1996 304 2056 illum
319 1998 444 2069 gratiam
459 1998 611 2057 retulisse.
639 2003 670 2055 at
690 1996 738 2053 hic
759 2011 794 2053 se
809 1995 919 2056 diebus
936 1998 1087 2057 noctibus-

117 2096 175 2153 qne
201 2080 327 2138 lassavit
351 2088 381 2138 et
409 2080 549 2139 omnibus
577 2078 642 2138 aliis
663 2077 845 2138 renuntiavit
866 2080 996 2155 officiis,
1022 2081 1087 2141 huic

115 2162 167 2219 uni
183 2162 332 2219 inminens
349 2169 378 2220 et
393 2170 552 2234 operatus,
569 2178 607 2221 ne
623 2179 682 2237 qua
697 2178 731 2221 se
746 2163 864 2235 fugeret
878 2165 1023 2224 occasio:
1040 2181 1087 2225 eo-

116 2244 184 2300 dem
207 2259 280 2315 ergo
300 2244 369 2301 loco
391 2253 478 2303 erunt
498 2246 561 2318 ille,
585 2246 635 2318 qui
657 2262 760 2305 curam
779 2247 962 2307 referendae
976 2249 1088 2322 gratiae

116 2325 234 2398 abiecit,
250 2337 279 2386 et
297 2327 357 2397 hic,
372 2324 422 2399 qni
439 2344 602 2401 numquam
618 2329 655 2387 ab
670 2330 721 2389 illa
734 2330 884 2390 recessit?
903 2330 1035 2406 Iniquus
1047 2348 1087 2404 es,

117 2410 140 2467 si
156 2424 221 2467 rem
235 2425 254 2467 a
268 2425 316 2468 me
331 2409 444 2485 exigis,
462 2427 530 2470 cum
546 2412 650 2471 videas
666 2414 797 2472 animum
815 2430 876 2473 non
892 2414 1044 2475 defuisse.

84 2499 99 2548 1
177 2494 243 2553 XV.
265 2494 315 2552 Ad
329 2509 476 2553 summam
490 2503 576 2569 puta,
600 2511 667 2556 cum
684 2506 790 2571 captus
807 2512 911 2570 esses,
933 2514 982 2557 me
999 2514 1087 2573 pecu-

115 2579 195 2638 niam
217 2586 381 2639 mutuatum
401 2578 493 2638 rebus
513 2578 635 2638 maisin
652 2581 842 2640 securitatem
859 2580 1022 2642 creditoris
1038 2582 1087 2642 ob-

115 2662 225 2732 positis
247 2663 411 2737 navigasse
433 2662 531 2722 hieme
546 2671 604 2722 tam
621 2679 715 2723 saeva
729 2679 785 2739 per
798 2663 909 2724 infesta
923 2665 1087 2726 latrociniis

115 2743 218 2815 litora,
242 2761 399 2805 emensam
422 2746 568 2821 quiequid
589 2748 714 2822 periculi
733 2746 853 2805 adferre
876 2755 980 2821 potest
1001 2749 1087 2808 etlam

115 2833 258 2897 pacatum
277 2844 369 2887 mare.
403 2831 571 2903 peragratis
598 2829 737 2890 omnibus
763 2830 995 2904 solitudinibus,
1023 2846 1087 2891 curn

115 2923 195 2979 quos
217 2924 306 2968 nemo
329 2928 388 2969 nan
409 2914 543 2987 fugiebat
558 2929 614 2988 ego
631 2929 823 2988 quaererem,
846 2915 970 2974 tandem
990 2915 1031 2974 ad
1045 2914 1085 2990 pi·

114 2998 196 3048 ratas
222 2994 356 3062 perveni.
391 3004 420 3055 et
441 2998 498 3054 iam
522 3005 550 3055 te
572 2998 648 3056 alius
674 2998 859 3056 redemerat:
886 2998 1017 3072 negabis
1041 3012 1086 3056 me

114 3074 239 3146 gratiam
265 3075 427 3134 retulisset
459 3079 587 3138 etiamne
611 3081 638 3138 si
658 3079 688 3137 in
708 3081 759 3139 illa
779 3080 975 3154 navigatione
995 3097 1084 3156 pecu·

114 3158 210 3230 niam,
229 3174 319 3232 quam
336 3158 426 3217 saluti
441 3167 511 3219 tuae
526 3170 751 3237 contraxeram,
766 3167 931 3237 naufragus
948 3165 1085 3240 perdidit

114 3243 243 3301 etiamne
263 3239 291 3301 si
312 3240 342 3298 in
356 3241 487 3316 vincula,
499 3261 578 3316 quae
593 3246 751 3306 detrahere
765 3248 819 3306 tibi
832 3249 929 3321 volui,
952 3249 1023 3325 ipse
1044 3250 1083 3306 in·

85 3326 193 3387 acidi?
221 3324 347 3399 negabis
369 3339 416 3383 me
436 3328 578 3386 retulisse
592 3329 742 3401 gratiane
772 3338 813 3390 At
826 3331 980 3391 mehercle
993 3332 1083 3392 Athe·

115 3411 237 3472 nicnses
249 3409 445 3471 Harmodium
458 3416 488 3466 et
499 3410 735 3483 Aristogitonem
745 3414 954 3487 tyrannicidas
966 3422 1083 3486 vocant,

114 3506 144 3558 et
157 3499 256 3561 Mucio
278 3512 385 3558 tnanus
404 3493 434 3552 in
449 3490 551 3551 hostili
571 3508 624 3549 ara
637 3493 742 3552 relicta
756 3495 850 3556 instar
865 3498 962 3558 occisi
976 3499 1071 3561 Perse
