2364 3840
221 191 361 251 nurus.
378 191 539 266 euersa.
561 194 633 253 ure.
652 195 674 253 1.
698 203 830 257 n-rc.
952 192 1015 258 179

32 343 59 402 in
75 340 222 402 auxilium
241 339 390 401 Ostiensis
407 342 545 401 coloniae
559 352 758 403 cucurrerunt
774 352 926 418 tamquam
941 361 1012 405 con·

31 425 210 500 flagrantis,
232 439 301 484 cnm
322 425 400 482 coeli
421 425 514 485 ardor
535 425 643 485 luisset
665 442 720 500 per
741 443 881 502 magnam
897 435 1013 502 partem

32 507 134 569 noctis
149 523 257 584 parum
271 505 392 567 lucidus
407 509 503 568 crassi
516 508 683 584 tumidique
695 510 783 584 ignis.
801 511 846 571 De
858 511 906 570 bis
921 527 1010 571 nemo
1025 518 1049 575 b

32 591 166 663 dubitat,
192 590 265 665 quin
286 589 420 650 habeant
439 589 606 666 flammam,
629 609 721 667 quam
734 594 909 654 ostendunt.
931 603 1013 654 certa

32 675 93 738 illis
111 675 283 735 substantia
302 681 363 733 cst:
386 672 425 734 de
442 675 594 756 prioribus
611 677 778 750 quaeritur,
796 678 834 739 de
853 692 928 739 arcu
942 678 1012 739 dico

34 766 65 819 et
80 758 219 830 coronis,
241 773 280 816 an
298 756 454 831 decipiant
469 759 563 818 aciem
578 765 609 817 ct
621 761 782 820 mendacio
797 766 951 835 constent,
973 779 1012 822 an

33 842 139 904 inillis
156 855 281 916 quoque
294 855 400 899 venum
416 841 470 914 sit,
492 842 576 915 quod
597 843 733 917 adparet.
762 843 856 908 Nobis
873 861 935 906 non
950 848 1044 920 pla-7

34 924 136 1005 celin
157 938 231 984 arcu
250 931 304 983 aut
325 924 447 984 coronis
469 925 599 984 subesse
622 925 738 1000 aliquid
763 927 902 1001 corporis
924 929 1012 989 certi:

34 1007 109 1069 nibil
131 1008 212 1066 enim
235 1006 405 1068 iudicamus
420 1008 449 1066 in
466 1008 600 1082 speculis
616 1009 674 1067 nisi
690 1010 838 1070 fallaciam
855 1027 926 1072 esse
941 1013 1014 1073 nihil

33 1090 118 1152 aliud
141 1106 232 1166 quam
251 1090 381 1149 alienum
402 1105 516 1165 corpus
537 1091 758 1151 mentientibus.
785 1109 844 1152 non
867 1095 946 1153 enim
968 1103 1016 1155 est

34 1176 64 1235 in
79 1176 219 1251 speculo,
236 1174 321 1248 quod
336 1173 515 1234 ostenditur.
545 1173 677 1246 alioquin
693 1191 753 1233 non
772 1176 869 1236 exiret
883 1192 940 1235 nce
956 1179 1015 1237 alia

35 1259 177 1337 protinus
196 1255 328 1332 imagine
350 1257 569 1329 obduceretur,
591 1272 648 1316 nec
658 1257 895 1319 innumerabiles
921 1260 1013 1319 modo

33 1341 207 1415 interirent,
228 1341 321 1400 modo
337 1340 551 1415 exciperentur
564 1342 688 1400 formae.
717 1340 794 1415 Quid
808 1347 904 1415 ergot
921 1343 1045 1409 simu-8

35 1427 120 1487 lacra
133 1426 193 1486 iste
208 1431 279 1485 sunt
292 1431 323 1483 et
336 1423 436 1483 inanis
451 1440 591 1484 verorum
604 1439 767 1499 corporum
782 1424 906 1485 imitatio
920 1432 1013 1498 [sunt-

36 1524 98 1585 que
113 1509 184 1584 ipsa
204 1525 222 1567 a
241 1506 423 1582 quibusdam
444 1506 486 1567 ita
500 1509 675 1581 conposita,
700 1516 733 1568 ut
747 1508 822 1567 baec
841 1517 969 1582 possent
986 1516 1016 1571 et

36 1595 234 1667 detorquere]
243 1592 258 1626 *
268 1590 322 1650 *in
334 1606 472 1665 pravum.
484 1591 568 1662 Nam,
583 1598 614 1651 ut
622 1590 694 1664 dixi,
708 1600 779 1651 sunt
790 1592 926 1667 specula,
935 1608 1016 1667 quae

36 1677 147 1737 taciem
167 1673 419 1751 prospicientium
440 1673 611 1749 obliquent,
633 1682 704 1733 sunt
725 1692 804 1749 quae
823 1677 853 1734 in
868 1676 1015 1735 infinitum

36 1766 171 1836 augeant
191 1757 246 1831 ita,
266 1765 299 1818 ut
318 1758 482 1818 humanum
502 1757 637 1816 habitum
659 1758 843 1832 modumque
866 1760 1017 1819 excedant

36 1850 212 1905 noseorum
229 1856 400 1915 corporum.

99 1925 182 1986 XVI.
201 1925 270 1987 Hoc
290 1925 360 1986 loco
381 1926 452 1986 vole
475 1922 527 1983 tibi
542 1937 667 1982 narrare
682 1922 838 1997 tabellam,
854 1930 886 1982 ut
899 1924 1014 1983 intelle·
1034 1947 1048 1999 1

36 2025 110 2086 με,
133 2024 224 2085 quam
242 2008 356 2068 nullum
374 2009 604 2067 instrumentum
620 2005 788 2065 inritandac
804 2008 967 2081 voluptatis
982 2007 1015 2064 li·

36 2093 112 2154 bido
135 2099 308 2153 contemnat
328 2099 359 2149 et
377 2091 538 2165 ingeniosa
561 2091 600 2149 sit
620 2089 659 2148 ad
680 2088 865 2150 incitandum
883 2091 1017 2153 lurorem

38 2192 138 2239 suum.
170 2176 295 2237 Hostius
311 2175 366 2234 luit
380 2173 757 2247 Quadra,.obscoenitatis
772 2175 802 2233 in
822 2190 945 2235 scenam
966 2191 1017 2234 us-

39 2277 101 2336 que
116 2259 296 2335 productae.
318 2258 398 2317 hunc
411 2258 533 2318 divitem
548 2273 681 2329 avarum,
698 2259 829 2318 sestertii
844 2257 940 2318 milies
954 2274 1017 2317 ser·

38 2359 126 2417 vum,
145 2342 235 2403 divus
248 2344 408 2415 Augustus
424 2342 578 2416 indignum
589 2341 723 2400 vindicta
737 2341 896 2415 iudicavit,
917 2357 985 2400 cum
1001 2358 1019 2400 a

39 2426 140 2489 servis
155 2425 278 2487 occisus
292 2433 384 2498 esset,
399 2433 429 2484 ct
442 2432 555 2485 tantum
574 2439 635 2483 non
650 2423 857 2498 pronuntiavit
870 2425 936 2483 iure
951 2439 1019 2481 cae·

39 2527 109 2573 sum
127 2511 236 2569 uideri.
264 2509 330 2568 Non
347 2516 410 2568 erat
424 2510 474 2568 ille
489 2509 526 2568 ab
541 2524 602 2568 uno
618 2507 824 2567 tantummodo
840 2523 918 2566 sexu
932 2507 1050 2578 inpup

41 2611 103 2668 rue,
119 2594 175 2654 sed
190 2599 251 2652 tam
265 2593 398 2654 virorum
414 2608 504 2667 quam
520 2592 698 2650 seminarum
710 2589 819 2651 avidus
835 2589 920 2660 [init]‚
936 2587 1018 2665 lecit·

41 2693 102 2755 que
114 2677 243 2751 specula
254 2677 320 2737 cius
334 2684 435 2749 notae,
452 2675 538 2734 cuius
549 2675 641 2735 modo
653 2673 750 2744 retuli,
765 2672 912 2746 imagines
926 2671 1019 2730 maio·

41 2776 92 2822 res
117 2758 348 2833 reddent-iam
374 2757 486 2833 quibus
512 2758 623 2832 digitus
649 2753 765 2815 brachii
792 2770 965 2814 mensuram
981 2761 1021 2817 ‚et

42 2841 277 2905 crassitudinem
297 2843 468 2903 excederet.
496 2841 573 2899 hacc
595 2845 695 2899 autem
711 2839 751 2897 ita
767 2838 966 2912 disponebat,
989 2845 1022 2896 ut

43 2943 111 2989 cum
130 2925 230 2986 virum
244 2925 313 3000 ipse
327 2932 496 3001 pateretur,
518 2939 647 2983 aversus
663 2937 769 2981 onmes
785 2922 956 2981 admissarii
972 2922 1020 2980 sui

43 3018 143 3071 motus
158 3010 189 3069 in
201 3012 327 3083 speculo
340 3009 408 3084 ipse
425 3007 542 3066 videret
553 3023 589 3065 ac
603 3005 715 3064 deinde
726 3006 804 3065 laisa
815 3005 1021 3080 magnitudine

43 3093 143 3171 ipsius
156 3092 284 3153 membri
299 3101 451 3165 tamquam
465 3107 539 3149 vera
553 3089 712 3163 gaudebat.
745 3090 780 3148 ln
800 3089 940 3148 omnibus
956 3088 1020 3162 qui·
1036 3101 1053 3154 3

43 3180 113 3238 dem
128 3176 247 3237 balneis
264 3176 373 3251 agebat
388 3176 437 3233 ille
452 3174 600 3233 delectum
618 3180 647 3231 ct
661 3180 767 3246 aperta
781 3187 925 3232 mensura
939 3174 1019 3244 lege-

43 3260 95 3322 bat
111 3260 213 3332 viros,
237 3261 292 3318 sed
307 3258 501 3320 nihilominus
523 3255 690 3315 mendaciis
713 3272 837 3331 quoque
852 3255 1022 3314 insatiabile

43 3346 157 3407 malum
181 3341 365 3403 oblectabat:
392 3343 402 3400 i
424 3356 504 3400 nunc
528 3347 557 3398 et
571 3340 619 3398 dic
635 3342 792 3413 speculum
809 3335 1022 3398 munditiarum

43 3446 141 3491 causa
155 3432 319 3502 repertum.
347 3425 452 3485 Foeda
466 3424 547 3482 dictu
564 3429 649 3495 sunt,
668 3437 746 3496 quae
762 3427 933 3496 portentum
947 3418 1021 3476 illud

805 3503 859 3563 12*
