<?xml version="1.0" encoding="UTF-8"?>
<!DOCTYPE html PUBLIC "-//W3C//DTD XHTML 1.0 Transitional//EN"
    "http://www.w3.org/TR/xhtml1/DTD/xhtml1-transitional.dtd">
<html xmlns="http://www.w3.org/1999/xhtml" xml:lang="en" lang="en">
 <head>
  <title>
</title>
<meta http-equiv="Content-Type" content="text/html;charset=utf-8" />
  <meta name='ocr-system' content='tesseract 3.04.00' />
  <meta name='ocr-capabilities' content='ocr_page ocr_carea ocr_par ocr_line ocrx_word'/>
</head>
<body>
  <div class='ocr_page' id='page_1' title='image "./lannaeisenecaeo01senegoog_0121.png"; bbox 0 0 2364 3840; ppageno 0'>
   <div class='ocr_carea' id='block_1_1' title="bbox 125 180 812 244">
    <p class='ocr_par' dir='ltr' id='par_1_1' title="bbox 125 180 812 244">
     <span class='ocr_line' id='line_1_1' title="bbox 125 180 812 244; baseline -0.001 0"><span class='ocrx_word' id='word_1_1' title='bbox 125 180 185 244; x_wconf 77' lang='lat'>108</span> <span class='ocrx_word' id='word_1_2' title='bbox 414 183 447 242; x_wconf 87' lang='lat' dir='ltr'>L.</span> <span class='ocrx_word' id='word_1_3' title='bbox 468 182 614 243; x_wconf 81' lang='lat' dir='ltr'>ANNAEI</span> <span class='ocrx_word' id='word_1_4' title='bbox 637 182 812 243; x_wconf 79' lang='lat' dir='ltr'><strong>SENECAE</strong></span> 
     </span>
    </p>
   </div>
   <div class='ocr_carea' id='block_1_2' title="bbox 82 334 1094 3492">
    <p class='ocr_par' dir='ltr' id='par_1_2' title="bbox 118 334 1094 661">
     <span class='ocr_line' id='line_1_2' title="bbox 121 334 1092 412; baseline 0.003 -17"><span class='ocrx_word' id='word_1_5' title='bbox 121 335 277 410; x_wconf 85' lang='lat' dir='ltr'>quomodo</span> <span class='ocrx_word' id='word_1_6' title='bbox 298 335 380 395; x_wconf 92' lang='lat' dir='ltr'>aliud</span> <span class='ocrx_word' id='word_1_7' title='bbox 395 342 442 394; x_wconf 90' lang='lat' dir='ltr'>est</span> <span class='ocrx_word' id='word_1_8' title='bbox 457 351 582 408; x_wconf 92' lang='lat' dir='ltr'>munus,</span> <span class='ocrx_word' id='word_1_9' title='bbox 604 334 686 394; x_wconf 91' lang='lat' dir='ltr'>aliud</span> <span class='ocrx_word' id='word_1_10' title='bbox 704 335 772 409; x_wconf 86' lang='lat' dir='ltr'>ipsa</span> <span class='ocrx_word' id='word_1_11' title='bbox 787 335 922 396; x_wconf 89' lang='lat' dir='ltr'>donatio.</span> <span class='ocrx_word' id='word_1_12' title='bbox 952 336 1037 396; x_wconf 90' lang='lat' dir='ltr'>aliud</span> <span class='ocrx_word' id='word_1_13' title='bbox 1052 338 1092 412; x_wconf 83' lang='lat' dir='ltr'>qui</span> 
     </span>
     <span class='ocr_line' id='line_1_3' title="bbox 118 418 1094 493; baseline 0.003 -16"><span class='ocrx_word' id='word_1_14' title='bbox 118 420 258 493; x_wconf 82' lang='lat' dir='ltr'>navigat,</span> <span class='ocrx_word' id='word_1_15' title='bbox 287 418 370 479; x_wconf 91' lang='lat' dir='ltr'>aliud</span> <span class='ocrx_word' id='word_1_16' title='bbox 393 418 554 493; x_wconf 86' lang='lat' dir='ltr'>navigatio.</span> <span class='ocrx_word' id='word_1_17' title='bbox 588 426 618 477; x_wconf 90' lang='lat' dir='ltr'>et</span> <span class='ocrx_word' id='word_1_18' title='bbox 632 418 773 493; x_wconf 90' lang='lat' dir='ltr'>quamvis</span> <span class='ocrx_word' id='word_1_19' title='bbox 794 434 887 493; x_wconf 81' lang='lat' dir='ltr'>aeger</span> <span class='ocrx_word' id='word_1_20' title='bbox 903 436 967 480; x_wconf 93' lang='lat' dir='ltr'>non</span> <span class='ocrx_word' id='word_1_21' title='bbox 982 421 1024 479; x_wconf 89' lang='lat' dir='ltr'>sit</span> <span class='ocrx_word' id='word_1_22' title='bbox 1037 421 1094 480; x_wconf 90' lang='lat' dir='ltr'>siue</span> 
     </span>
     <span class='ocr_line' id='line_1_4' title="bbox 118 501 1092 576; baseline 0.003 -16"><span class='ocrx_word' id='word_1_23' title='bbox 118 503 241 572; x_wconf 90' lang='lat' dir='ltr'>morbo,</span> <span class='ocrx_word' id='word_1_24' title='bbox 270 518 330 561; x_wconf 92' lang='lat' dir='ltr'>non</span> <span class='ocrx_word' id='word_1_25' title='bbox 354 510 454 562; x_wconf 89' lang='lat' dir='ltr'>tamen</span> <span class='ocrx_word' id='word_1_26' title='bbox 476 501 556 560; x_wconf 90' lang='lat' dir='ltr'>idem</span> <span class='ocrx_word' id='word_1_27' title='bbox 573 509 622 562; x_wconf 88' lang='grc' dir='ltr'>εει</span> <span class='ocrx_word' id='word_1_28' title='bbox 635 516 728 576; x_wconf 81' lang='lat' dir='ltr'>aeger</span> <span class='ocrx_word' id='word_1_29' title='bbox 743 509 773 560; x_wconf 87' lang='lat' dir='ltr'>et</span> <span class='ocrx_word' id='word_1_30' title='bbox 788 501 930 563; x_wconf 73' lang='lat' dir='ltr'>morbusz</span> <span class='ocrx_word' id='word_1_31' title='bbox 963 503 1007 563; x_wconf 90' lang='lat' dir='ltr'>ita</span> <span class='ocrx_word' id='word_1_32' title='bbox 1022 504 1092 563; x_wconf 93' lang='lat' dir='ltr'>aliud</span> 
     </span>
     <span class='ocr_line' id='line_1_5' title="bbox 118 583 1091 661; baseline 0.003 -18"><span class='ocrx_word' id='word_1_33' title='bbox 118 593 166 644; x_wconf 91' lang='lat' dir='ltr'>est</span> <span class='ocrx_word' id='word_1_34' title='bbox 187 586 368 646; x_wconf 88' lang='lat' dir='ltr'>beneficium</span> <span class='ocrx_word' id='word_1_35' title='bbox 385 586 502 659; x_wconf 92' lang='lat' dir='ltr'>ipsum,</span> <span class='ocrx_word' id='word_1_36' title='bbox 526 583 608 645; x_wconf 91' lang='lat' dir='ltr'>aliud</span> <span class='ocrx_word' id='word_1_37' title='bbox 624 585 709 660; x_wconf 85' lang='lat' dir='ltr'>quod</span> <span class='ocrx_word' id='word_1_38' title='bbox 725 586 765 644; x_wconf 90' lang='lat' dir='ltr'>ad</span> <span class='ocrx_word' id='word_1_39' title='bbox 779 601 1035 661; x_wconf 88' lang='lat' dir='ltr'>unumquemque</span> <span class='ocrx_word' id='word_1_40' title='bbox 1049 603 1091 646; x_wconf 90' lang='lat' dir='ltr'>no·</span> 
     </span>
    </p>

    <p class='ocr_par' dir='ltr' id='par_1_3' title="bbox 89 667 1094 1244">
     <span class='ocr_line' id='line_1_6' title="bbox 89 667 1092 743; baseline -0.003 -12"><span class='ocrx_word' id='word_1_41' title='bbox 89 675 213 731; x_wconf 73' lang='lat' dir='ltr'>astrum</span> <span class='ocrx_word' id='word_1_42' title='bbox 234 669 385 728; x_wconf 87' lang='lat' dir='ltr'>beneficio</span> <span class='ocrx_word' id='word_1_43' title='bbox 409 669 555 742; x_wconf 88' lang='lat' dir='ltr'>pervenit.</span> <span class='ocrx_word' id='word_1_44' title='bbox 592 667 666 728; x_wconf 89' lang='lat' dir='ltr'>illud</span> <span class='ocrx_word' id='word_1_45' title='bbox 683 668 879 743; x_wconf 90' lang='lat' dir='ltr'>incorporale</span> <span class='ocrx_word' id='word_1_46' title='bbox 893 676 958 738; x_wconf 90' lang='lat' dir='ltr'>est,</span> <span class='ocrx_word' id='word_1_47' title='bbox 982 670 1092 730; x_wconf 85' lang='lat' dir='ltr'>inritum</span> 
     </span>
     <span class='ocr_line' id='line_1_7' title="bbox 118 750 1091 814; baseline 0.002 -4"><span class='ocrx_word' id='word_1_48' title='bbox 118 768 179 811; x_wconf 93' lang='lat' dir='ltr'>non</span> <span class='ocrx_word' id='word_1_49' title='bbox 201 752 249 810; x_wconf 77' lang='lat' dir='ltr'>lit:</span> <span class='ocrx_word' id='word_1_50' title='bbox 276 751 402 810; x_wconf 88' lang='lat' dir='ltr'>materia</span> <span class='ocrx_word' id='word_1_51' title='bbox 422 767 496 810; x_wconf 90' lang='lat' dir='ltr'>vero</span> <span class='ocrx_word' id='word_1_52' title='bbox 516 750 582 810; x_wconf 91' lang='lat' dir='ltr'>eius</span> <span class='ocrx_word' id='word_1_53' title='bbox 605 752 665 811; x_wconf 91' lang='lat' dir='ltr'>huc</span> <span class='ocrx_word' id='word_1_54' title='bbox 686 760 715 812; x_wconf 90' lang='lat' dir='ltr'>et</span> <span class='ocrx_word' id='word_1_55' title='bbox 730 753 800 812; x_wconf 91' lang='lat' dir='ltr'>illuc</span> <span class='ocrx_word' id='word_1_56' title='bbox 815 752 946 812; x_wconf 89' lang='lat' dir='ltr'>iactatur</span> <span class='ocrx_word' id='word_1_57' title='bbox 960 760 993 812; x_wconf 93' lang='lat' dir='ltr'>et</span> <span class='ocrx_word' id='word_1_58' title='bbox 1008 752 1091 814; x_wconf 90' lang='lat' dir='ltr'>domi·</span> 
     </span>
     <span class='ocr_line' id='line_1_8' title="bbox 118 833 1091 910; baseline 0.002 -18"><span class='ocrx_word' id='word_1_59' title='bbox 118 851 190 893; x_wconf 90' lang='lat' dir='ltr'>num</span> <span class='ocrx_word' id='word_1_60' title='bbox 204 840 307 892; x_wconf 86' lang='lat' dir='ltr'>mutat.</span> <span class='ocrx_word' id='word_1_61' title='bbox 344 834 452 907; x_wconf 88' lang='lat' dir='ltr'>Itaque</span> <span class='ocrx_word' id='word_1_62' title='bbox 471 850 539 893; x_wconf 91' lang='lat' dir='ltr'>cum</span> <span class='ocrx_word' id='word_1_63' title='bbox 555 833 665 908; x_wconf 87' lang='lat' dir='ltr'>eripis,</span> <span class='ocrx_word' id='word_1_64' title='bbox 689 836 758 910; x_wconf 88' lang='lat' dir='ltr'>ipsa</span> <span class='ocrx_word' id='word_1_65' title='bbox 772 851 874 894; x_wconf 85' lang='lat' dir='ltr'>rerum</span> <span class='ocrx_word' id='word_1_66' title='bbox 889 843 1001 897; x_wconf 89' lang='lat' dir='ltr'>natura</span> <span class='ocrx_word' id='word_1_67' title='bbox 1014 852 1091 895; x_wconf 87' lang='lat' dir='ltr'>revo-</span> 
     </span>
     <span class='ocr_line' id='line_1_9' title="bbox 118 916 1094 994; baseline 0.002 -18"><span class='ocrx_word' id='word_1_68' title='bbox 118 932 189 976; x_wconf 90' lang='lat' dir='ltr'>care</span> <span class='ocrx_word' id='word_1_69' title='bbox 212 917 295 989; x_wconf 90' lang='lat' dir='ltr'>quod</span> <span class='ocrx_word' id='word_1_70' title='bbox 318 916 402 976; x_wconf 89' lang='lat' dir='ltr'>dedit</span> <span class='ocrx_word' id='word_1_71' title='bbox 422 934 482 976; x_wconf 93' lang='lat' dir='ltr'>non</span> <span class='ocrx_word' id='word_1_72' title='bbox 504 924 613 991; x_wconf 90' lang='lat' dir='ltr'>potest.</span> <span class='ocrx_word' id='word_1_73' title='bbox 647 919 797 979; x_wconf 86' lang='lat' dir='ltr'>beneficia</span> <span class='ocrx_word' id='word_1_74' title='bbox 821 934 879 978; x_wconf 88' lang='lat' dir='ltr'>sua</span> <span class='ocrx_word' id='word_1_75' title='bbox 899 919 1094 994; x_wconf 87' lang='lat' dir='ltr'>interrumpit,</span> 
     </span>
     <span class='ocr_line' id='line_1_10' title="bbox 118 999 1091 1076; baseline 0.006 -19"><span class='ocrx_word' id='word_1_76' title='bbox 118 1017 179 1060; x_wconf 94' lang='lat' dir='ltr'>non</span> <span class='ocrx_word' id='word_1_77' title='bbox 195 999 356 1059; x_wconf 81' lang='lat' dir='ltr'>rescindit:</span> <span class='ocrx_word' id='word_1_78' title='bbox 380 999 432 1076; x_wconf 91' lang='lat' dir='ltr'>qui</span> <span class='ocrx_word' id='word_1_79' title='bbox 449 1001 588 1070; x_wconf 89' lang='lat' dir='ltr'>moritur,</span> <span class='ocrx_word' id='word_1_80' title='bbox 613 1008 711 1060; x_wconf 74' lang='lat' dir='ltr'>tanuen</span> <span class='ocrx_word' id='word_1_81' title='bbox 728 1003 811 1061; x_wconf 86' lang='lat' dir='ltr'>vixit.</span> <span class='ocrx_word' id='word_1_82' title='bbox 841 1001 895 1075; x_wconf 87' lang='lat' dir='ltr'>qui</span> <span class='ocrx_word' id='word_1_83' title='bbox 911 1003 1016 1062; x_wconf 87' lang='lat' dir='ltr'>amisit</span> <span class='ocrx_word' id='word_1_84' title='bbox 1029 1018 1091 1063; x_wconf 88' lang='lat' dir='ltr'>ocu·</span> 
     </span>
     <span class='ocr_line' id='line_1_11' title="bbox 118 1082 1090 1160; baseline 0.001 -19"><span class='ocrx_word' id='word_1_85' title='bbox 118 1085 180 1155; x_wconf 87' lang='grc' dir='ltr'><strong>Ιοε,</strong></span> <span class='ocrx_word' id='word_1_86' title='bbox 204 1090 303 1142; x_wconf 90' lang='lat' dir='ltr'>tamen</span> <span class='ocrx_word' id='word_1_87' title='bbox 320 1082 403 1143; x_wconf 86' lang='lat' dir='ltr'>vidit.</span> <span class='ocrx_word' id='word_1_88' title='bbox 441 1085 525 1158; x_wconf 81' lang='lat' dir='ltr'>Quae</span> <span class='ocrx_word' id='word_1_89' title='bbox 539 1085 578 1143; x_wconf 91' lang='lat' dir='ltr'>ad</span> <span class='ocrx_word' id='word_1_90' title='bbox 595 1102 655 1144; x_wconf 84' lang='lat' dir='ltr'>nos</span> <span class='ocrx_word' id='word_1_91' title='bbox 666 1092 884 1158; x_wconf 86' lang='lat' dir='ltr'>pervenerunt,</span> <span class='ocrx_word' id='word_1_92' title='bbox 908 1101 948 1144; x_wconf 92' lang='lat' dir='ltr'>ne</span> <span class='ocrx_word' id='word_1_93' title='bbox 963 1086 1039 1160; x_wconf 87' lang='lat' dir='ltr'>sint,</span> <span class='ocrx_word' id='word_1_94' title='bbox 1056 1086 1090 1144; x_wconf 87' lang='lat' dir='ltr'>el-</span> 
     </span>
     <span class='ocr_line' id='line_1_12' title="bbox 116 1165 1090 1244; baseline 0.003 -18"><span class='ocrx_word' id='word_1_95' title='bbox 116 1165 168 1226; x_wconf 87' lang='lat' dir='ltr'>lici</span> <span class='ocrx_word' id='word_1_96' title='bbox 183 1175 300 1240; x_wconf 88' lang='lat' dir='ltr'>potest,</span> <span class='ocrx_word' id='word_1_97' title='bbox 327 1184 367 1227; x_wconf 87' lang='lat' dir='ltr'>ne</span> <span class='ocrx_word' id='word_1_98' title='bbox 386 1171 511 1242; x_wconf 89' lang='lat' dir='ltr'>luerint,</span> <span class='ocrx_word' id='word_1_99' title='bbox 535 1185 596 1228; x_wconf 90' lang='lat' dir='ltr'>non</span> <span class='ocrx_word' id='word_1_100' title='bbox 612 1176 722 1243; x_wconf 86' lang='lat' dir='ltr'>potest.</span> <span class='ocrx_word' id='word_1_101' title='bbox 756 1185 828 1244; x_wconf 88' lang='lat' dir='ltr'>pars</span> <span class='ocrx_word' id='word_1_102' title='bbox 842 1175 945 1228; x_wconf 86' lang='lat' dir='ltr'>autem</span> <span class='ocrx_word' id='word_1_103' title='bbox 960 1168 1090 1229; x_wconf 82' lang='lat' dir='ltr'>beneficii</span> 
     </span>
    </p>

    <p class='ocr_par' dir='ltr' id='par_1_4' title="bbox 89 1251 1094 1826">
     <span class='ocr_line' id='line_1_13' title="bbox 89 1251 1091 1326; baseline -0.005 -11"><span class='ocrx_word' id='word_1_104' title='bbox 89 1257 147 1315; x_wconf 69' lang='lat' dir='ltr'>tet</span> <span class='ocrx_word' id='word_1_105' title='bbox 168 1251 291 1324; x_wconf 86' lang='lat' dir='ltr'>quidem</span> <span class='ocrx_word' id='word_1_106' title='bbox 312 1252 482 1313; x_wconf 85' lang='lat' dir='ltr'>certissima</span> <span class='ocrx_word' id='word_1_107' title='bbox 502 1258 564 1325; x_wconf 87' lang='lat' dir='ltr'>est,</span> <span class='ocrx_word' id='word_1_108' title='bbox 589 1268 667 1326; x_wconf 83' lang='lat' dir='ltr'>quae</span> <span class='ocrx_word' id='word_1_109' title='bbox 689 1251 751 1311; x_wconf 87' lang='lat' dir='ltr'>luit.</span> <span class='ocrx_word' id='word_1_110' title='bbox 787 1253 1024 1326; x_wconf 86' lang='lat' dir='ltr'>Nonnumquam</span> <span class='ocrx_word' id='word_1_111' title='bbox 1042 1269 1091 1311; x_wconf 92' lang='lat' dir='ltr'>usu</span> 
     </span>
     <span class='ocr_line' id='line_1_14' title="bbox 116 1334 1093 1411; baseline 0 -17"><span class='ocrx_word' id='word_1_112' title='bbox 116 1334 257 1395; x_wconf 87' lang='lat' dir='ltr'>beneficii</span> <span class='ocrx_word' id='word_1_113' title='bbox 272 1336 411 1409; x_wconf 81' lang='lat' dir='ltr'>longiore</span> <span class='ocrx_word' id='word_1_114' title='bbox 427 1334 637 1409; x_wconf 84' lang='lat' dir='ltr'>prohibemur,</span> <span class='ocrx_word' id='word_1_115' title='bbox 662 1336 842 1395; x_wconf 88' lang='lat' dir='ltr'>beneficium</span> <span class='ocrx_word' id='word_1_116' title='bbox 859 1335 985 1409; x_wconf 89' lang='lat' dir='ltr'>quidem</span> <span class='ocrx_word' id='word_1_117' title='bbox 1001 1338 1093 1411; x_wconf 88' lang='lat' dir='ltr'>ipsum</span> 
     </span>
     <span class='ocr_line' id='line_1_15' title="bbox 118 1418 1091 1478; baseline 0 -2"><span class='ocrx_word' id='word_1_118' title='bbox 118 1435 178 1478; x_wconf 92' lang='lat' dir='ltr'>non</span> <span class='ocrx_word' id='word_1_119' title='bbox 200 1418 343 1478; x_wconf 86' lang='lat' dir='ltr'>eraditur.</span> <span class='ocrx_word' id='word_1_120' title='bbox 379 1419 463 1478; x_wconf 80' lang='lat' dir='ltr'>Licet</span> <span class='ocrx_word' id='word_1_121' title='bbox 484 1434 590 1477; x_wconf 93' lang='lat' dir='ltr'>omnes</span> <span class='ocrx_word' id='word_1_122' title='bbox 612 1419 643 1478; x_wconf 94' lang='lat' dir='ltr'>in</span> <span class='ocrx_word' id='word_1_123' title='bbox 658 1419 717 1478; x_wconf 93' lang='lat' dir='ltr'>hoc</span> <span class='ocrx_word' id='word_1_124' title='bbox 733 1419 815 1478; x_wconf 89' lang='lat' dir='ltr'>vires</span> <span class='ocrx_word' id='word_1_125' title='bbox 834 1433 907 1477; x_wconf 88' lang='lat' dir='ltr'>suas</span> <span class='ocrx_word' id='word_1_126' title='bbox 924 1427 1034 1478; x_wconf 89' lang='lat' dir='ltr'>natura</span> <span class='ocrx_word' id='word_1_127' title='bbox 1047 1419 1091 1477; x_wconf 91' lang='lat' dir='ltr'>ad·</span> 
     </span>
     <span class='ocr_line' id='line_1_16' title="bbox 118 1500 1094 1576; baseline 0.002 -19"><span class='ocrx_word' id='word_1_128' title='bbox 118 1508 221 1573; x_wconf 84' lang='lat' dir='ltr'>vocet,</span> <span class='ocrx_word' id='word_1_129' title='bbox 251 1508 330 1560; x_wconf 87' lang='lat' dir='ltr'>retro</span> <span class='ocrx_word' id='word_1_130' title='bbox 353 1501 392 1560; x_wconf 88' lang='lat' dir='ltr'>illi</span> <span class='ocrx_word' id='word_1_131' title='bbox 414 1517 506 1574; x_wconf 88' lang='lat' dir='ltr'>agere</span> <span class='ocrx_word' id='word_1_132' title='bbox 529 1517 563 1560; x_wconf 93' lang='lat' dir='ltr'>se</span> <span class='ocrx_word' id='word_1_133' title='bbox 584 1519 643 1562; x_wconf 91' lang='lat' dir='ltr'>non</span> <span class='ocrx_word' id='word_1_134' title='bbox 662 1501 741 1562; x_wconf 89' lang='lat' dir='ltr'>licet.</span> <span class='ocrx_word' id='word_1_135' title='bbox 780 1509 881 1576; x_wconf 90' lang='lat' dir='ltr'>potest</span> <span class='ocrx_word' id='word_1_136' title='bbox 895 1500 975 1576; x_wconf 77' lang='lat' dir='ltr'>eripi</span> <span class='ocrx_word' id='word_1_137' title='bbox 992 1502 1094 1562; x_wconf 89' lang='lat' dir='ltr'>domus</span> 
     </span>
     <span class='ocr_line' id='line_1_17' title="bbox 117 1582 1094 1659; baseline -0.001 -17"><span class='ocrx_word' id='word_1_138' title='bbox 117 1593 147 1643; x_wconf 92' lang='grc' dir='ltr'><strong>ει</strong></span> <span class='ocrx_word' id='word_1_139' title='bbox 169 1582 299 1658; x_wconf 90' lang='lat' dir='ltr'>pecunia</span> <span class='ocrx_word' id='word_1_140' title='bbox 321 1592 356 1642; x_wconf 90' lang='lat' dir='ltr'>et·</span> <span class='ocrx_word' id='word_1_141' title='bbox 371 1584 554 1658; x_wconf 84' lang='lat' dir='ltr'>mancipium</span> <span class='ocrx_word' id='word_1_142' title='bbox 576 1594 605 1645; x_wconf 91' lang='lat' dir='ltr'>et</span> <span class='ocrx_word' id='word_1_143' title='bbox 626 1585 772 1659; x_wconf 90' lang='lat' dir='ltr'>quicquid</span> <span class='ocrx_word' id='word_1_144' title='bbox 793 1593 854 1658; x_wconf 87' lang='lat' dir='ltr'>est,</span> <span class='ocrx_word' id='word_1_145' title='bbox 875 1585 905 1645; x_wconf 93' lang='lat' dir='ltr'>in</span> <span class='ocrx_word' id='word_1_146' title='bbox 925 1602 988 1659; x_wconf 84' lang='lat' dir='ltr'>quo</span> <span class='ocrx_word' id='word_1_147' title='bbox 1005 1585 1094 1645; x_wconf 88' lang='lat' dir='ltr'>haesit</span> 
     </span>
     <span class='ocr_line' id='line_1_18' title="bbox 117 1666 1092 1740; baseline 0.003 -16"><span class='ocrx_word' id='word_1_148' title='bbox 117 1666 257 1725; x_wconf 87' lang='lat' dir='ltr'>beneficii</span> <span class='ocrx_word' id='word_1_149' title='bbox 272 1682 397 1725; x_wconf 80' lang='lat' dir='ltr'>nomen:</span> <span class='ocrx_word' id='word_1_150' title='bbox 421 1668 520 1740; x_wconf 83' lang='lat' dir='ltr'>ipsunt</span> <span class='ocrx_word' id='word_1_151' title='bbox 532 1685 606 1727; x_wconf 86' lang='lat' dir='ltr'>vero</span> <span class='ocrx_word' id='word_1_152' title='bbox 619 1669 727 1728; x_wconf 88' lang='lat' dir='ltr'>stabile</span> <span class='ocrx_word' id='word_1_153' title='bbox 739 1675 768 1727; x_wconf 90' lang='lat' dir='ltr'>et</span> <span class='ocrx_word' id='word_1_154' title='bbox 779 1669 926 1729; x_wconf 89' lang='lat' dir='ltr'>inmotum</span> <span class='ocrx_word' id='word_1_155' title='bbox 940 1676 998 1728; x_wconf 87' lang='grc' dir='ltr'><strong>εει.</strong></span> <span class='ocrx_word' id='word_1_156' title='bbox 1020 1670 1092 1727; x_wconf 91' lang='lat' dir='ltr'>nulla</span> 
     </span>
     <span class='ocr_line' id='line_1_19' title="bbox 116 1748 879 1826; baseline 0.005 -21"><span class='ocrx_word' id='word_1_157' title='bbox 116 1750 163 1807; x_wconf 91' lang='lat' dir='ltr'>vis</span> <span class='ocrx_word' id='word_1_158' title='bbox 179 1749 304 1823; x_wconf 86' lang='lat' dir='ltr'>efficiet,</span> <span class='ocrx_word' id='word_1_159' title='bbox 328 1766 366 1809; x_wconf 90' lang='lat' dir='ltr'>ne</span> <span class='ocrx_word' id='word_1_160' title='bbox 381 1748 430 1808; x_wconf 91' lang='lat' dir='ltr'>hic</span> <span class='ocrx_word' id='word_1_161' title='bbox 445 1751 576 1824; x_wconf 79' lang='lat' dir='ltr'>dederit,</span> <span class='ocrx_word' id='word_1_162' title='bbox 600 1768 638 1811; x_wconf 91' lang='lat' dir='ltr'>ne</span> <span class='ocrx_word' id='word_1_163' title='bbox 652 1753 702 1811; x_wconf 95' lang='lat' dir='ltr'>ille</span> <span class='ocrx_word' id='word_1_164' title='bbox 716 1753 879 1826; x_wconf 89' lang='lat' dir='ltr'>acceperit.</span> 
     </span>
    </p>

    <p class='ocr_par' dir='ltr' id='par_1_5' title="bbox 88 1832 1093 2157">
     <span class='ocr_line' id='line_1_20' title="bbox 88 1832 1091 1909; baseline 0.008 -25"><span class='ocrx_word' id='word_1_165' title='bbox 88 1834 103 1884; x_wconf 88' lang='lat'>1</span> <span class='ocrx_word' id='word_1_166' title='bbox 179 1832 228 1891; x_wconf 88' lang='lat' dir='ltr'>lll.</span> <span class='ocrx_word' id='word_1_167' title='bbox 256 1832 387 1908; x_wconf 83' lang='lat' dir='ltr'>Egregie</span> <span class='ocrx_word' id='word_1_168' title='bbox 402 1834 473 1893; x_wconf 88' lang='lat' dir='ltr'>mihi</span> <span class='ocrx_word' id='word_1_169' title='bbox 490 1832 608 1894; x_wconf 89' lang='lat' dir='ltr'>videtur</span> <span class='ocrx_word' id='word_1_170' title='bbox 621 1835 662 1894; x_wconf 90' lang='grc' dir='ltr'>Μ.</span> <span class='ocrx_word' id='word_1_171' title='bbox 674 1833 825 1894; x_wconf 83' lang='lat' dir='ltr'>Antonius</span> <span class='ocrx_word' id='word_1_172' title='bbox 842 1834 927 1909; x_wconf 90' lang='lat' dir='ltr'>apud</span> <span class='ocrx_word' id='word_1_173' title='bbox 941 1835 1091 1895; x_wconf 84' lang='lat' dir='ltr'>Rabirium</span> 
     </span>
     <span class='ocr_line' id='line_1_21' title="bbox 116 1917 1093 1991; baseline 0 -16"><span class='ocrx_word' id='word_1_174' title='bbox 116 1923 254 1991; x_wconf 89' lang='lat' dir='ltr'>poetam,</span> <span class='ocrx_word' id='word_1_175' title='bbox 278 1932 347 1977; x_wconf 91' lang='lat' dir='ltr'>cum</span> <span class='ocrx_word' id='word_1_176' title='bbox 368 1918 519 1978; x_wconf 80' lang='lat' dir='ltr'>fortunam</span> <span class='ocrx_word' id='word_1_177' title='bbox 540 1934 627 1976; x_wconf 88' lang='lat' dir='ltr'>suam</span> <span class='ocrx_word' id='word_1_178' title='bbox 648 1925 854 1979; x_wconf 83' lang='lat' dir='ltr'>transeuntem</span> <span class='ocrx_word' id='word_1_179' title='bbox 875 1919 935 1978; x_wconf 88' lang='lat' dir='ltr'>alio</span> <span class='ocrx_word' id='word_1_180' title='bbox 950 1917 1056 1980; x_wconf 87' lang='lat' dir='ltr'>videat</span> <span class='ocrx_word' id='word_1_181' title='bbox 1068 1924 1093 1976; x_wconf 90' lang='lat' dir='ltr'>et</span> 
     </span>
     <span class='ocr_line' id='line_1_22' title="bbox 116 2000 1093 2077; baseline 0.003 -20"><span class='ocrx_word' id='word_1_182' title='bbox 116 2000 174 2059; x_wconf 91' lang='lat' dir='ltr'>sibi</span> <span class='ocrx_word' id='word_1_183' title='bbox 195 2001 267 2059; x_wconf 92' lang='lat' dir='ltr'>nihil</span> <span class='ocrx_word' id='word_1_184' title='bbox 288 2001 424 2060; x_wconf 89' lang='lat' dir='ltr'>relictum</span> <span class='ocrx_word' id='word_1_185' title='bbox 447 2010 567 2076; x_wconf 86' lang='lat' dir='ltr'>practer</span> <span class='ocrx_word' id='word_1_186' title='bbox 590 2002 637 2061; x_wconf 89' lang='lat' dir='ltr'>ius</span> <span class='ocrx_word' id='word_1_187' title='bbox 658 2002 832 2076; x_wconf 72' lang='lat' dir='ltr'>mortis,&#39;id</span> <span class='ocrx_word' id='word_1_188' title='bbox 850 2017 977 2077; x_wconf 90' lang='lat' dir='ltr'>quoque</span> <span class='ocrx_word' id='word_1_189' title='bbox 998 2003 1025 2062; x_wconf 92' lang='lat' dir='ltr'>si</span> <span class='ocrx_word' id='word_1_190' title='bbox 1039 2002 1093 2062; x_wconf 91' lang='lat' dir='ltr'>cito</span> 
     </span>
     <span class='ocr_line' id='line_1_23' title="bbox 117 2084 537 2157; baseline -0.005 -16"><span class='ocrx_word' id='word_1_191' title='bbox 117 2084 327 2157; x_wconf 84' lang='lat' dir='ltr'>occupaverit,</span> <span class='ocrx_word' id='word_1_192' title='bbox 351 2085 537 2142; x_wconf 82' lang='lat' dir='ltr'>exclamare:</span> 
     </span>
    </p>

    <p class='ocr_par' dir='ltr' id='par_1_6' title="bbox 365 2167 845 2241">
     <span class='ocr_line' id='line_1_24' title="bbox 365 2167 845 2241; baseline 0.004 -16"><span class='ocrx_word' id='word_1_193' title='bbox 365 2167 430 2226; x_wconf 85' lang='lat' dir='ltr'>Hoc</span> <span class='ocrx_word' id='word_1_194' title='bbox 444 2168 535 2226; x_wconf 75' lang='lat' dir='ltr'>liabeo</span> <span class='ocrx_word' id='word_1_195' title='bbox 550 2168 752 2241; x_wconf 75' lang='lat' dir='ltr'>quodcumque</span> <span class='ocrx_word' id='word_1_196' title='bbox 766 2168 845 2227; x_wconf 80' lang='lat' dir='ltr'>dedi.</span> 
     </span>
    </p>

    <p class='ocr_par' dir='ltr' id='par_1_7' title="bbox 117 2246 1094 2491">
     <span class='ocr_line' id='line_1_25' title="bbox 179 2246 1091 2324; baseline 0.004 -19"><span class='ocrx_word' id='word_1_197' title='bbox 179 2246 202 2305; x_wconf 92' lang='lat'>0</span> <span class='ocrx_word' id='word_1_198' title='bbox 216 2255 361 2321; x_wconf 89' lang='lat' dir='ltr'>quantum</span> <span class='ocrx_word' id='word_1_199' title='bbox 375 2248 489 2309; x_wconf 90' lang='lat' dir='ltr'>habere</span> <span class='ocrx_word' id='word_1_200' title='bbox 504 2251 615 2324; x_wconf 88' lang='lat' dir='ltr'>potuit,</span> <span class='ocrx_word' id='word_1_201' title='bbox 631 2251 658 2308; x_wconf 95' lang='lat' dir='ltr'>si</span> <span class='ocrx_word' id='word_1_202' title='bbox 668 2251 830 2310; x_wconf 87' lang='lat' dir='ltr'>voluisset!</span> <span class='ocrx_word' id='word_1_203' title='bbox 854 2251 920 2310; x_wconf 91' lang='lat' dir='ltr'>Hae</span> <span class='ocrx_word' id='word_1_204' title='bbox 935 2259 1009 2312; x_wconf 87' lang='lat' dir='ltr'>sunt</span> <span class='ocrx_word' id='word_1_205' title='bbox 1020 2251 1091 2311; x_wconf 90' lang='lat' dir='ltr'>divi-</span> 
     </span>
     <span class='ocr_line' id='line_1_26' title="bbox 117 2331 1094 2407; baseline 0.005 -18"><span class='ocrx_word' id='word_1_206' title='bbox 117 2332 174 2390; x_wconf 87' lang='lat' dir='ltr'>tiae</span> <span class='ocrx_word' id='word_1_207' title='bbox 186 2338 286 2389; x_wconf 88' lang='lat' dir='ltr'>ccrtae</span> <span class='ocrx_word' id='word_1_208' title='bbox 299 2331 328 2389; x_wconf 95' lang='lat' dir='ltr'>in</span> <span class='ocrx_word' id='word_1_209' title='bbox 342 2348 535 2407; x_wconf 89' lang='lat' dir='ltr'>quacumque</span> <span class='ocrx_word' id='word_1_210' title='bbox 548 2334 640 2393; x_wconf 89' lang='lat' dir='ltr'>sortis</span> <span class='ocrx_word' id='word_1_211' title='bbox 653 2334 803 2393; x_wconf 85' lang='lat' dir='ltr'>humanae</span> <span class='ocrx_word' id='word_1_212' title='bbox 815 2335 937 2393; x_wconf 85' lang='lat' dir='ltr'>levitate</span> <span class='ocrx_word' id='word_1_213' title='bbox 949 2352 1014 2395; x_wconf 89' lang='lat' dir='ltr'>uno</span> <span class='ocrx_word' id='word_1_214' title='bbox 1028 2335 1094 2396; x_wconf 88' lang='lat' dir='ltr'>loco</span> 
     </span>
     <span class='ocr_line' id='line_1_27' title="bbox 117 2417 1091 2491; baseline 0.005 -20"><span class='ocrx_word' id='word_1_215' title='bbox 117 2430 345 2488; x_wconf 90' lang='lat' dir='ltr'>permansurae.</span> <span class='ocrx_word' id='word_1_216' title='bbox 368 2432 448 2490; x_wconf 89' lang='lat' dir='ltr'>quae</span> <span class='ocrx_word' id='word_1_217' title='bbox 460 2433 521 2491; x_wconf 90' lang='lat' dir='ltr'>quo</span> <span class='ocrx_word' id='word_1_218' title='bbox 533 2417 663 2476; x_wconf 90' lang='lat' dir='ltr'>maiores</span> <span class='ocrx_word' id='word_1_219' title='bbox 676 2417 795 2489; x_wconf 88' lang='lat' dir='ltr'>luerint,</span> <span class='ocrx_word' id='word_1_220' title='bbox 810 2417 869 2478; x_wconf 90' lang='lat' dir='ltr'>hoc</span> <span class='ocrx_word' id='word_1_221' title='bbox 881 2418 1032 2479; x_wconf 91' lang='lat' dir='ltr'>minorem</span> <span class='ocrx_word' id='word_1_222' title='bbox 1043 2419 1091 2476; x_wconf 89' lang='lat' dir='ltr'>ha-</span> 
     </span>
    </p>

    <p class='ocr_par' dir='ltr' id='par_1_8' title="bbox 86 2497 1094 3324">
     <span class='ocr_line' id='line_1_28' title="bbox 86 2497 1093 2576; baseline 0.001 -19"><span class='ocrx_word' id='word_1_223' title='bbox 86 2498 230 2559; x_wconf 76' lang='lat' dir='ltr'>2bebunt</span> <span class='ocrx_word' id='word_1_224' title='bbox 249 2497 404 2559; x_wconf 87' lang='lat' dir='ltr'>invidiam.</span> <span class='ocrx_word' id='word_1_225' title='bbox 439 2500 517 2573; x_wconf 83' lang='lat' dir='ltr'>Quid</span> <span class='ocrx_word' id='word_1_226' title='bbox 533 2507 687 2574; x_wconf 84' lang='lat' dir='ltr'>tamquam</span> <span class='ocrx_word' id='word_1_227' title='bbox 700 2509 750 2561; x_wconf 86' lang='lat' dir='ltr'>tuo</span> <span class='ocrx_word' id='word_1_228' title='bbox 766 2500 892 2575; x_wconf 85' lang='lat' dir='ltr'>parcis‘l</span> <span class='ocrx_word' id='word_1_229' title='bbox 913 2508 1093 2576; x_wconf 88' lang='lat' dir='ltr'>procurator</span> 
     </span>
     <span class='ocr_line' id='line_1_29' title="bbox 115 2583 1091 2658; baseline 0.003 -17"><span class='ocrx_word' id='word_1_230' title='bbox 115 2597 159 2642; x_wconf 93' lang='lat' dir='ltr'>es.</span> <span class='ocrx_word' id='word_1_231' title='bbox 182 2583 362 2656; x_wconf 77' lang='lat' dir='ltr'>commista,</span> <span class='ocrx_word' id='word_1_232' title='bbox 378 2600 458 2658; x_wconf 86' lang='lat' dir='ltr'>quae</span> <span class='ocrx_word' id='word_1_233' title='bbox 475 2601 530 2644; x_wconf 87' lang='lat' dir='ltr'>vos</span> <span class='ocrx_word' id='word_1_234' title='bbox 545 2585 676 2644; x_wconf 91' lang='lat' dir='ltr'>tumidos</span> <span class='ocrx_word' id='word_1_235' title='bbox 692 2591 722 2643; x_wconf 89' lang='lat' dir='ltr'>et</span> <span class='ocrx_word' id='word_1_236' title='bbox 736 2600 831 2658; x_wconf 91' lang='lat' dir='ltr'>supra</span> <span class='ocrx_word' id='word_1_237' title='bbox 845 2584 981 2645; x_wconf 90' lang='lat' dir='ltr'>bumana</span> <span class='ocrx_word' id='word_1_238' title='bbox 998 2587 1091 2646; x_wconf 90' lang='lat' dir='ltr'>clatos</span> 
     </span>
     <span class='ocr_line' id='line_1_30' title="bbox 115 2666 1094 2742; baseline 0.001 -17"><span class='ocrx_word' id='word_1_239' title='bbox 115 2666 255 2727; x_wconf 89' lang='lat' dir='ltr'>oblivisci</span> <span class='ocrx_word' id='word_1_240' title='bbox 271 2676 384 2741; x_wconf 91' lang='lat' dir='ltr'>cogunt</span> <span class='ocrx_word' id='word_1_241' title='bbox 399 2674 518 2727; x_wconf 88' lang='lat' dir='ltr'>vestrae</span> <span class='ocrx_word' id='word_1_242' title='bbox 533 2668 716 2741; x_wconf 88' lang='lat' dir='ltr'>tragilitatis,</span> <span class='ocrx_word' id='word_1_243' title='bbox 733 2683 813 2742; x_wconf 90' lang='lat' dir='ltr'>quae</span> <span class='ocrx_word' id='word_1_244' title='bbox 828 2667 936 2728; x_wconf 87' lang='lat' dir='ltr'>lerrels</span> <span class='ocrx_word' id='word_1_245' title='bbox 953 2668 1094 2728; x_wconf 84' lang='lat' dir='ltr'>claustris</span> 
     </span>
     <span class='ocr_line' id='line_1_31' title="bbox 115 2750 1091 2825; baseline 0.001 -17"><span class='ocrx_word' id='word_1_246' title='bbox 115 2750 276 2810; x_wconf 91' lang='lat' dir='ltr'>custoditis</span> <span class='ocrx_word' id='word_1_247' title='bbox 288 2750 403 2822; x_wconf 88' lang='lat' dir='ltr'>armati,</span> <span class='ocrx_word' id='word_1_248' title='bbox 416 2766 495 2825; x_wconf 87' lang='lat' dir='ltr'>quae</span> <span class='ocrx_word' id='word_1_249' title='bbox 507 2766 545 2810; x_wconf 88' lang='lat' dir='ltr'>ex</span> <span class='ocrx_word' id='word_1_250' title='bbox 557 2753 656 2811; x_wconf 88' lang='lat' dir='ltr'>alieno</span> <span class='ocrx_word' id='word_1_251' title='bbox 670 2751 819 2824; x_wconf 91' lang='lat' dir='ltr'>sanguine</span> <span class='ocrx_word' id='word_1_252' title='bbox 829 2757 919 2825; x_wconf 91' lang='lat' dir='ltr'>rapta</span> <span class='ocrx_word' id='word_1_253' title='bbox 929 2758 1034 2812; x_wconf 86' lang='lat' dir='ltr'>vestro</span> <span class='ocrx_word' id='word_1_254' title='bbox 1044 2752 1091 2810; x_wconf 93' lang='lat' dir='ltr'>de·</span> 
     </span>
     <span class='ocr_line' id='line_1_32' title="bbox 114 2833 1093 2907; baseline 0.003 -17"><span class='ocrx_word' id='word_1_255' title='bbox 114 2833 246 2905; x_wconf 86' lang='lat' dir='ltr'>tenditis,</span> <span class='ocrx_word' id='word_1_256' title='bbox 259 2840 384 2906; x_wconf 86' lang='lat' dir='ltr'>propter</span> <span class='ocrx_word' id='word_1_257' title='bbox 394 2849 473 2907; x_wconf 89' lang='lat' dir='ltr'>quae</span> <span class='ocrx_word' id='word_1_258' title='bbox 481 2835 598 2893; x_wconf 90' lang='lat' dir='ltr'>classes</span> <span class='ocrx_word' id='word_1_259' title='bbox 607 2842 818 2894; x_wconf 85' lang='lat' dir='ltr'>cruentaturas</span> <span class='ocrx_word' id='word_1_260' title='bbox 829 2835 924 2894; x_wconf 90' lang='lat' dir='ltr'>maria</span> <span class='ocrx_word' id='word_1_261' title='bbox 931 2835 1093 2905; x_wconf 86' lang='lat' dir='ltr'>deducitis,</span> 
     </span>
     <span class='ocr_line' id='line_1_33' title="bbox 115 2917 1091 2992; baseline 0.004 -21"><span class='ocrx_word' id='word_1_262' title='bbox 115 2922 239 2987; x_wconf 90' lang='lat' dir='ltr'>propter</span> <span class='ocrx_word' id='word_1_263' title='bbox 251 2931 330 2988; x_wconf 86' lang='lat' dir='ltr'>quae</span> <span class='ocrx_word' id='word_1_264' title='bbox 345 2917 500 2989; x_wconf 85' lang='lat' dir='ltr'>quassatis</span> <span class='ocrx_word' id='word_1_265' title='bbox 516 2919 608 2977; x_wconf 90' lang='lat' dir='ltr'>urbes</span> <span class='ocrx_word' id='word_1_266' title='bbox 624 2918 735 2990; x_wconf 86' lang='lat' dir='ltr'>ignari,</span> <span class='ocrx_word' id='word_1_267' title='bbox 759 2925 903 2992; x_wconf 89' lang='lat' dir='ltr'>quantum</span> <span class='ocrx_word' id='word_1_268' title='bbox 918 2921 1050 2978; x_wconf 88' lang='lat' dir='ltr'>telorum</span> <span class='ocrx_word' id='word_1_269' title='bbox 1063 2918 1091 2976; x_wconf 92' lang='lat' dir='ltr'>in</span> 
     </span>
     <span class='ocr_line' id='line_1_34' title="bbox 114 2997 1091 3075; baseline 0.006 -22"><span class='ocrx_word' id='word_1_270' title='bbox 114 2997 263 3055; x_wconf 88' lang='lat' dir='ltr'>adversos</span> <span class='ocrx_word' id='word_1_271' title='bbox 276 2998 397 3056; x_wconf 86' lang='lat' dir='ltr'>lortuna</span> <span class='ocrx_word' id='word_1_272' title='bbox 409 3008 564 3073; x_wconf 89' lang='lat' dir='ltr'>conparet,</span> <span class='ocrx_word' id='word_1_273' title='bbox 582 3007 794 3075; x_wconf 87' lang='lat' dir='ltr'>propterquae</span> <span class='ocrx_word' id='word_1_274' title='bbox 806 3001 903 3074; x_wconf 85' lang='lat' dir='ltr'>ruptis</span> <span class='ocrx_word' id='word_1_275' title='bbox 915 3003 1030 3061; x_wconf 92' lang='lat' dir='ltr'>totiens</span> <span class='ocrx_word' id='word_1_276' title='bbox 1040 3001 1091 3059; x_wconf 92' lang='lat' dir='ltr'>ad·</span> 
     </span>
     <span class='ocr_line' id='line_1_35' title="bbox 113 3079 1092 3156; baseline 0.005 -19"><span class='ocrx_word' id='word_1_277' title='bbox 113 3079 250 3150; x_wconf 86' lang='lat' dir='ltr'>finitatis,</span> <span class='ocrx_word' id='word_1_278' title='bbox 268 3081 431 3153; x_wconf 86' lang='lat' dir='ltr'>amicitiae,</span> <span class='ocrx_word' id='word_1_279' title='bbox 451 3085 569 3156; x_wconf 86' lang='lat' dir='ltr'>collegii</span> <span class='ocrx_word' id='word_1_280' title='bbox 585 3084 760 3143; x_wconf 80' lang='lat' dir='ltr'>foederibus</span> <span class='ocrx_word' id='word_1_281' title='bbox 774 3085 852 3145; x_wconf 87' lang='lat' dir='ltr'>inter</span> <span class='ocrx_word' id='word_1_282' title='bbox 869 3085 1092 3145; x_wconf 88' lang='lat' dir='ltr'>contendentes</span> 
     </span>
     <span class='ocr_line' id='line_1_36' title="bbox 113 3161 1089 3241; baseline 0.008 -22"><span class='ocrx_word' id='word_1_283' title='bbox 113 3161 191 3220; x_wconf 91' lang='lat' dir='ltr'>duos</span> <span class='ocrx_word' id='word_1_284' title='bbox 204 3168 350 3223; x_wconf 87' lang='lat' dir='ltr'>terrarum</span> <span class='ocrx_word' id='word_1_285' title='bbox 366 3163 448 3222; x_wconf 90' lang='lat' dir='ltr'>orbis</span> <span class='ocrx_word' id='word_1_286' title='bbox 464 3166 559 3225; x_wconf 85' lang='lat' dir='ltr'>elisus</span> <span class='ocrx_word' id='word_1_287' title='bbox 574 3175 635 3238; x_wconf 92' lang='lat' dir='ltr'>est,</span> <span class='ocrx_word' id='word_1_288' title='bbox 652 3184 711 3227; x_wconf 90' lang='lat' dir='ltr'>non</span> <span class='ocrx_word' id='word_1_289' title='bbox 728 3175 798 3227; x_wconf 84' lang='lat' dir='ltr'>sunt</span> <span class='ocrx_word' id='word_1_290' title='bbox 813 3175 928 3227; x_wconf 80' lang='lat' dir='ltr'>vestra=</span> <span class='ocrx_word' id='word_1_291' title='bbox 950 3168 981 3227; x_wconf 91' lang='lat' dir='ltr'>in</span> <span class='ocrx_word' id='word_1_292' title='bbox 997 3167 1089 3241; x_wconf 87' lang='lat' dir='ltr'>depo·</span> 
     </span>
     <span class='ocr_line' id='line_1_37' title="bbox 113 3242 1091 3324; baseline 0.007 -24"><span class='ocrx_word' id='word_1_293' title='bbox 113 3242 163 3302; x_wconf 83' lang='lat' dir='ltr'>siti</span> <span class='ocrx_word' id='word_1_294' title='bbox 179 3259 273 3304; x_wconf 92' lang='lat' dir='ltr'>causa</span> <span class='ocrx_word' id='word_1_295' title='bbox 287 3254 357 3305; x_wconf 91' lang='lat' dir='ltr'>sunt</span> <span class='ocrx_word' id='word_1_296' title='bbox 372 3247 431 3306; x_wconf 90' lang='lat' dir='ltr'>iam</span> <span class='ocrx_word' id='word_1_297' title='bbox 450 3247 570 3323; x_wconf 90' lang='lat' dir='ltr'>iamque</span> <span class='ocrx_word' id='word_1_298' title='bbox 585 3251 624 3310; x_wconf 89' lang='lat' dir='ltr'>ad</span> <span class='ocrx_word' id='word_1_299' title='bbox 640 3249 731 3310; x_wconf 88' lang='lat' dir='ltr'>alium</span> <span class='ocrx_word' id='word_1_300' title='bbox 748 3252 904 3310; x_wconf 92' lang='lat' dir='ltr'>dominum</span> <span class='ocrx_word' id='word_1_301' title='bbox 922 3249 1091 3324; x_wconf 87' lang='lat' dir='ltr'>spectantia</span> 
     </span>
    </p>

    <p class='ocr_par' dir='ltr' id='par_1_9' title="bbox 82 3327 1090 3492">
     <span class='ocr_line' id='line_1_38' title="bbox 82 3327 1090 3408; baseline 0.004 -21"><span class='ocrx_word' id='word_1_302' title='bbox 82 3334 164 3387; x_wconf 70' lang='lat' dir='ltr'>aaut</span> <span class='ocrx_word' id='word_1_303' title='bbox 176 3327 273 3388; x_wconf 88' lang='lat' dir='ltr'>hostis</span> <span class='ocrx_word' id='word_1_304' title='bbox 285 3329 335 3388; x_wconf 86' lang='lat' dir='ltr'>illa</span> <span class='ocrx_word' id='word_1_305' title='bbox 343 3336 394 3390; x_wconf 89' lang='lat' dir='ltr'>aut</span> <span class='ocrx_word' id='word_1_306' title='bbox 405 3330 524 3390; x_wconf 88' lang='lat' dir='ltr'>hostilis</span> <span class='ocrx_word' id='word_1_307' title='bbox 532 3333 621 3391; x_wconf 89' lang='lat' dir='ltr'>animi</span> <span class='ocrx_word' id='word_1_308' title='bbox 635 3334 940 3395; x_wconf 89' lang='lat' dir='ltr'>successorinvadet</span> <span class='ocrx_word' id='word_1_309' title='bbox 964 3334 1090 3408; x_wconf 78' lang='lat' dir='ltr'>Quaeris</span> 
     </span>
     <span class='ocr_line' id='line_1_39' title="bbox 112 3412 1090 3492; baseline 0.006 -23"><span class='ocrx_word' id='word_1_310' title='bbox 112 3412 268 3485; x_wconf 82' lang='lat' dir='ltr'>quomodo</span> <span class='ocrx_word' id='word_1_311' title='bbox 279 3413 331 3474; x_wconf 89' lang='lat' dir='ltr'>illa</span> <span class='ocrx_word' id='word_1_312' title='bbox 342 3420 394 3473; x_wconf 89' lang='lat' dir='ltr'>lua</span> <span class='ocrx_word' id='word_1_313' title='bbox 406 3414 522 3474; x_wconf 74' lang='lat' dir='ltr'>saclas?</span> <span class='ocrx_word' id='word_1_314' title='bbox 538 3417 739 3478; x_wconf 89' lang='lat' dir='ltr'>donadando.</span> <span class='ocrx_word' id='word_1_315' title='bbox 756 3417 888 3479; x_wconf 85' lang='lat' dir='ltr'>Consule</span> <span class='ocrx_word' id='word_1_316' title='bbox 899 3416 991 3492; x_wconf 87' lang='lat' dir='ltr'>igitlrr</span> <span class='ocrx_word' id='word_1_317' title='bbox 999 3416 1090 3477; x_wconf 83' lang='lat' dir='ltr'>rebus</span> 
     </span>
    </p>
   </div>
   <div class='ocr_carea' id='block_1_3' title="bbox 0 0 1189 3840">
    <p class='ocr_par' dir='ltr' id='par_1_10' title="bbox 0 0 1189 3840">
     <span class='ocr_line' id='line_1_40' title="bbox 0 0 1189 3840; baseline 0 0"><span class='ocrx_word' id='word_1_318' title='bbox 0 0 1189 3840; x_wconf 95' lang='lat' dir='ltr'> </span> 
     </span>
    </p>
   </div>
  </div>
 </body>
</html>
