2364 3840
114 161 177 222 206
403 160 437 218 L.
459 158 605 218 ANNAEl
626 158 801 219 SENECAE

116 312 316 387 emptalia,
346 312 456 385 quibus
484 312 627 387 tolluntur
648 309 784 383 priorum
805 311 962 372 fulminum
985 311 1091 385 minae,

115 397 326 467 adtestata,
349 411 428 469 quae
443 394 596 469 prioribus
613 394 818 466 consentiunt,
842 395 1091 468 adterranea,

116 495 196 553 quae
213 480 345 538 incluso
362 479 451 548 liunt,
474 478 625 549 obruta,
647 477 758 550 quibus
772 476 832 537 iam
845 493 997 552 percussa
1008 479 1090 553 prins

115 578 172 622 nec
195 570 357 636 procurata
379 560 539 631 leniuntur,
560 561 724 635 regalia,
747 577 815 620 cum
832 561 941 635 sorum
961 563 1091 637 tangitur

116 649 163 704 vel
183 647 335 705 comitium
357 652 410 704 aut
427 644 606 718 principalia
622 644 706 703 urbis
722 644 835 704 liberae
855 646 940 729 loca,
963 662 1089 720 quorum

86 729 298 803 bsignificatio
323 744 450 801 regnum
477 727 589 787 civitati
616 728 758 802 minatur,
789 728 956 801 interna,
986 743 1090 790 cume

116 820 196 872 terra
207 812 338 872 exsilivit
351 812 444 884 ignis,
464 810 694 886 hospitalia,
717 827 796 886 quae
809 810 972 871 sacrificiis
984 813 1024 872 ad
1036 828 1090 871 nos

114 897 217 955 lovem
238 901 399 954 accersunt
420 902 463 967 et,
487 904 518 954 ut
534 894 628 953 verbo
647 910 751 955 eorum
767 894 896 955 molliori
913 903 996 967 utar,
1018 894 1088 954 inri-

115 987 188 1038 tant.
225 979 280 1037 sed
307 995 367 1037 non
394 987 604 1037 arcesseretur
627 977 759 1037 invitus:
788 994 868 1038 nunc
892 978 999 1038 venire
1024 995 1089 1038 eum

115 1077 226 1136 magno
253 1061 458 1123 insultantium
487 1061 622 1136 periculo
649 1063 819 1121 adfirmant.
861 1062 1089 1134 auxiliaria,

115 1162 194 1220 quae
209 1145 364 1217 invocata,
388 1147 444 1205 sed
460 1146 674 1206 advocantium
688 1146 772 1205 bono
788 1143 923 1204 veniunt.

87 1241 102 1292 1
175 1229 208 1288 L.
240 1228 386 1304 Quanto
407 1228 624 1303 simplicior
646 1227 792 1288 divisio
814 1236 888 1301 est,
912 1244 989 1303 qua
1011 1236 1088 1288 ute-

113 1313 226 1374 batur
247 1314 403 1374 Attalus
423 1321 571 1383 noster,
597 1313 641 1371 vir
656 1311 812 1387 egregius,
829 1311 1090 1386 quiEtruscorum

114 1397 306 1472 disciplinam
327 1399 443 1457 Graeca
463 1396 627 1456 subtilitate
648 1395 826 1455 miscuerat:
854 1411 893 1454 ex
914 1389 1106 1456 fulminibus'

115 1482 266 1554 quaedam
288 1489 371 1551 sunt,
402 1495 482 1553 quae
502 1479 675 1553 significant
696 1479 742 1550 id,
773 1479 857 1553 quod
877 1478 917 1538 ad
939 1494 998 1539 nos
1025 1495 1088 1553 per-

113 1564 200 1638 tinet,
224 1565 374 1639 quaedam
396 1569 497 1622 autem
518 1562 590 1620 nilril
611 1562 785 1636 significant
803 1571 855 1622 aut
871 1562 918 1635 id,
943 1564 1032 1623 cuius
1048 1564 1089 1621 in-

85 1649 251 1708 ttellectus
273 1648 311 1705 ad
333 1662 390 1707 nos
411 1661 472 1704 non
489 1647 626 1720 pertinet.
663 1645 709 1703 Ex
724 1644 788 1719 his,
812 1661 892 1720 quae
907 1646 1088 1720 significant,

114 1731 264 1804 quaedam
280 1740 351 1791 sunt
365 1731 459 1800 laeta,
477 1730 626 1804 quaedam
639 1730 785 1801 adversa,
805 1730 964 1806 [quaedum
975 1734 1089 1801 mantal,

115 1813 264 1888 quaedam
286 1830 341 1874 nec
363 1814 494 1874 adversa
518 1828 575 1872 nec
596 1814 683 1871 laeta.
721 1813 932 1873 Adversorum
947 1812 1007 1873 hae
1022 1820 1091 1873 sunt

113 1898 256 1972 species:
285 1906 336 1957 aul
358 1897 541 1958 inevitabilia
562 1897 640 1955 mala
661 1896 846 1969 portendunt
866 1901 919 1955 aut
939 1895 1090 1957 evitabilia

113 1989 164 2041 aut
186 1996 265 2056 quae
284 1983 376 2041 minui
400 1990 530 2054 possunt
549 1988 600 2039 aut
623 1994 702 2053 quae
724 1976 892 2053 prorogari.
930 1977 1024 2040 Laeta
1040 1986 1090 2039 aut

83 2071 257 2124 bmansura
271 2064 443 2137 significant
457 2072 508 2122 aut
520 2064 645 2122 caduca.
680 2061 776 2122 lllixla
786 2070 838 2123 aut
849 2070 969 2137 partem
979 2061 1090 2123 habent

112 2148 198 2215 boni,
216 2152 331 2221 partem
348 2146 416 2203 mali
431 2155 482 2205 aut
497 2147 617 2204 malain
634 2145 763 2220 bonum,
778 2153 831 2206 aut
843 2144 927 2206 bona
937 2145 969 2205 in
979 2148 1088 2206 malunt

111 2235 240 2287 vertunt.
269 2227 331 2286 Nec
348 2227 479 2285 adversa
492 2243 549 2286 nec
565 2229 643 2287 laeta
658 2238 736 2301 sunt,
758 2245 839 2305 quae
853 2229 988 2304 aliquam
1001 2229 1088 2290 nobis

112 2311 262 2370 actionem
283 2309 471 2384 significant,
502 2327 563 2384 qua
583 2327 639 2370 nec
662 2314 767 2372 terreri
789 2328 845 2372 nec
867 2313 974 2375 laetari
998 2313 1086 2374 debe-

112 2410 195 2469 mus,
224 2403 257 2455 ut
278 2394 566 2469 peregrinationem,
596 2395 625 2452 in
649 2413 709 2469 qua
730 2412 787 2456 nec
808 2403 906 2458 metus
924 2397 1086 2473 quicquam

112 2479 249 2554 necspei
266 2481 312 2539 sit.

172 2564 219 2622 tl,
247 2564 395 2624 Revertor
410 2563 449 2622 ad
464 2577 500 2622 ea
518 2563 657 2637 fulmina,
682 2579 761 2638 quae
776 2562 952 2638 significant
967 2564 1085 2640 quidem

112 2647 241 2722 aliquid,
262 2648 317 2708 sed
334 2649 417 2722 quod
432 2648 470 2706 ad
487 2663 544 2706 nos
560 2662 619 2705 non
636 2647 800 2722 pertineat,
821 2654 978 2723 tamquam
991 2655 1085 2708 utrum

112 2731 220 2789 codem
242 2748 322 2790 anno
344 2732 424 2791 idem
445 2730 559 2789 homini
581 2731 713 2790 laturum
735 2731 846 2790 fulmen
870 2732 955 2805 quod
977 2732 1084 2793 lactum

112 2812 160 2871 sit.
198 2812 275 2873 Nihil
290 2815 463 2889 significant
479 2813 603 2873 lulmina
618 2822 669 2874 aut
684 2813 730 2885 id,
755 2814 841 2872 cuius
858 2814 965 2876 notitia
977 2831 1034 2875 nos
1044 2813 1083 2873 el·

111 2895 201 2968 lugit,
221 2906 253 2956 ut
268 2897 332 2967 illa,
358 2899 480 2972 quaein
496 2905 616 2957 vastum
633 2912 714 2955 mare
730 2905 915 2971 sparguntur
927 2905 980 2959 aut
994 2899 1024 2957 in
1036 2898 1083 2956 de·

111 2987 209 3038 sertas
226 2978 421 3054 solitudines,
446 2997 574 3055 quorum
591 2979 771 3055 significatio
785 2981 868 3039 nulla
881 2983 990 3041 estvcl
1002 2979 1083 3057 perit

86 3075 97 3127 ι
171 3062 231 3120 Lll.
263 3062 389 3122 Pauca
416 3064 538 3124 adhuc
564 3065 731 3124 adiciam
758 3063 803 3123 ad
831 3065 1082 3127 enarrandam

111 3144 184 3204 vim
214 3146 398 3220 fulminis,
428 3164 524 3222 quae
553 3166 625 3209 non
654 3148 918 3211 eodemmodo
945 3162 1081 3211 omnem

110 3231 309 3290 materiam
333 3239 455 3290 vexat.
494 3233 686 3305 valentiora,
710 3232 783 3306 qula
808 3232 970 3308 resistunt,
997 3231 1081 3292 vehe-

109 3313 239 3374 mentius
267 3314 413 3388 dissipat,
448 3315 586 3375 cedentia
617 3331 845 3391 nonnumquam
879 3316 948 3377 sine
979 3313 1082 3377 iniuria

108 3397 225 3458 transit.
248 3414 316 3458 cum
329 3399 430 3472 lapide
442 3399 584 3472 ferroque
599 3409 628 3459 et
640 3399 812 3460 durissimis
826 3398 1003 3477 quibusque
1014 3413 1079 3459 con·
