2364 3840
181 172 185 178 ’
270 211 411 272 annun.
428 210 589 285 ouansr.
611 211 732 270 nnn.
754 217 886 274 au-ra.
1006 213 1068 279 ιιι

88 361 175 422 bias
206 361 314 421 dant=
347 361 459 435 prima,
488 367 521 420 ut
541 361 637 430 aiunt,
660 367 763 420 monet
783 367 813 418 ει
834 361 952 435 placata
972 373 1019 422 εει
1039 373 1068 424 ει

89 446 190 519 ipsius
205 445 287 504 lovis
300 445 427 505 consilio
443 445 572 502 mittitur.
597 445 764 504 secundam
779 442 865 503 mittit
878 444 991 519 iupiter
1002 447 1066 520 qui-

87 529 177 602 dem,
201 528 256 588 sed
279 543 317 586 ex
333 527 450 588 consilii
468 527 632 587 sententia:
655 528 731 587 deos
749 526 912 588 duodecim
926 529 1067 588 advocat.

88 612 150 673 hoc
170 612 284 673 tulmen
305 611 377 672 boni
399 610 514 686 aliquid
536 612 700 687 aliquando
723 611 809 683 lacit,
832 612 888 672 sed
904 618 975 672 tunc
990 629 1066 687 quo·

89 711 151 770 que
172 711 234 755 non
251 693 345 768 aliter,
369 711 459 769 quarn
473 702 506 753 ut
522 703 645 754 noceat:
668 711 725 754 nec
740 695 868 770 prodest
884 697 1008 770 quidem
1022 697 1066 755 in-

89 794 183 855 pune.
206 777 323 838 tertiam
342 778 513 837 manubiam
528 778 609 837 idern
624 777 738 853 Iupiter
752 779 838 838 mittit
852 781 908 839 sed
926 778 1067 839 adhibitis
1082 781 1099 834 i

87 863 119 922 in
141 861 301 923 consilium
322 862 385 934 dis,
415 877 494 936 quos
516 864 692 936 superiores
711 869 740 921 et
767 864 921 923 involutos
947 871 1065 933 vocant,

90 946 162 1020 quia
179 953 284 1017 vastat,
301 946 328 1004 in
347 960 425 1019 quae
442 944 553 1016 incidit,
570 953 600 1004 et
615 944 719 1020 utique
734 955 828 1006 mutat
843 955 950 1007 statum
968 947 1066 1022 priva-

88 1037 152 1090 turn
174 1037 204 1089 ει
225 1028 395 1103 publicum,
423 1045 513 1103 quem
535 1028 656 1087 invenit.
691 1029 769 1102 ignis
791 1031 870 1089 enirn
891 1031 963 1090 nihil
984 1047 1065 1102 esse,
1146 1034 1154 1041 ”

88 1114 182 1189 quale
197 1113 266 1184 luit,
288 1115 407 1186 patitur.
432 1130 434 1134 ·

151 1196 238 1255 XLII.
261 1197 294 1254 In
310 1196 407 1270 prima
421 1196 539 1270 specie,
564 1194 588 1254 si
605 1195 712 1253 intueri
728 1195 819 1268 velis,
841 1203 922 1255 errat
937 1197 1096 1271 arationi-1

87 1289 146 1341 tas.
176 1279 250 1355 quid
270 1280 347 1338 enirn
370 1286 430 1338 tam
451 1279 611 1354 inperitum
631 1286 677 1337 εει
695 1280 925 1353 quamcredere
941 1278 1066 1338 lulniina

88 1379 107 1424 e
127 1361 260 1424 nubibus
283 1363 386 1423 lovem
401 1363 531 1434 mittere,
556 1364 726 1435 columnas,
750 1363 893 1434 arbores,
917 1378 1063 1421 nonnum-

90 1463 182 1523 quam
203 1455 320 1507 statuas
342 1461 415 1507 suas
438 1454 555 1522 petere,
578 1447 618 1507 uti
639 1447 784 1521 inpunitis
800 1447 972 1520 sacrilegis,
996 1461 1064 1520 pcr-

87 1532 191 1591 cussis
208 1530 332 1603 ovibus‚
352 1530 485 1590 incensis
501 1531 561 1590 aris
577 1531 713 1606 pecudes
729 1532 869 1591 innoxias
885 1529 991 1588 leniat?
1013 1529 1064 1587 ad·

88 1623 217 1676 vocatos
237 1615 277 1673 ad
298 1631 386 1674 suum
408 1613 566 1674 concilium
589 1630 607 1672 a
627 1615 700 1675 Iove
722 1616 813 1686 deos,
839 1613 927 1688 quasi
948 1612 1064 1687 inipso

89 1715 200 1774 parum
214 1692 333 1757 consilii
349 1699 407 1758 sit?
426 1700 476 1757 illa
488 1698 565 1756 laeta
577 1713 648 1756 esse
661 1705 689 1757 et
701 1699 819 1771 placata
831 1699 969 1770 fulmina,
987 1711 1065 1772 quae

88 1785 176 1843 solus
193 1783 341 1852 excutiat,
364 1781 554 1856 perniciosa,
579 1781 690 1854 quibus
706 1780 858 1841 mittendis
871 1783 966 1840 maior
979 1779 1066 1839 turba

90 1867 246 1925 numinum
262 1865 413 1925 Interfuit?
446 1864 476 1923 Si
493 1881 511 1920 a
526 1880 573 1923 me
590 1864 727 1937 quaeris,
749 1865 822 1936 quid
837 1865 978 1931 sentiam,
1004 1859 1097 1922 noni

89 1949 232 2008 existimo
252 1955 312 2008 tarn
330 1948 455 2009 hebetes
472 1948 581 2019 luisse,
604 1953 636 2006 ut
652 1948 810 2005 crederent
824 1947 926 2005 lovem
944 1944 1066 2018 iniquae

90 2031 257 2093 voluntatis
269 2039 321 2092 eut
333 2040 413 2092 certe
423 2033 522 2090 minus
535 2036 682 2105 paratum.
703 2037 800 2090 utrum
812 2030 891 2088 enirn
904 2039 983 2099 tunc,
997 2043 1066 2086 cum

88 2117 191 2176 emisit
204 2116 306 2190 ignes,
328 2117 439 2190 quibus
455 2115 579 2174 innoxia
594 2115 693 2189 capita
709 2121 893 2188 percuteret,
918 2113 1066 2171 scelerata
1118 2102 1130 2131 ⁴

89 2199 245 2270 transiret,
270 2199 366 2258 noluit
384 2200 492 2259 iustius
514 2199 629 2257 mittere
650 2215 687 2257 an
704 2216 764 2259 non
781 2199 953 2258 successit?
989 2193 1098 2270 Quid3

90 2298 165 2358 ergo
188 2281 284 2342 secuti
300 2289 384 2353 sunt,
407 2298 474 2342 cum
489 2282 565 2341 haee
581 2284 737 2342 dicerentt
763 2284 802 2342 ad
817 2281 1005 2342 coercendos
1021 2280 1065 2339 in-

91 2367 258 2441 peritorum
278 2367 395 2425 animos
417 2365 635 2439 sapientissimi
656 2366 712 2426 viri
737 2367 947 2426 iudicaverunt
971 2361 1066 2422 inevi-

90 2451 214 2509 tabilem
234 2459 359 2519 metum,
383 2456 414 2508 ut
436 2449 550 2523 aliquid
574 2466 667 2524 supra
692 2466 750 2509 nos
775 2451 959 2507 timeremus.
994 2445 1066 2504 utile
1164 2460 1166 2465 ·

89 2541 157 2592 erat
171 2533 200 2591 in
215 2539 297 2592 tanta
313 2534 441 2593 audacia
454 2534 602 2592 scelerum
615 2549 699 2605 esse,
715 2533 865 2591 adversus
878 2529 962 2603 quod
976 2542 1065 2586 nemo

89 2616 150 2676 sibi
173 2617 247 2675 satis
270 2624 379 2691 potens
400 2618 562 2675 videretur.
595 2616 634 2675 ad
656 2614 855 2676 deterrendos
878 2613 980 2686 itaque
1000 2624 1065 2682 eos,

92 2699 205 2774 quibus
222 2699 394 2760 innocentia
409 2699 467 2759 nisi
485 2706 565 2758 metu
579 2715 640 2757 non
656 2701 770 2774 placet,
788 2701 958 2772 posuerunt
972 2708 1068 2768 supra

90 2790 185 2857 caput
199 2784 348 2843 vindicem
364 2790 393 2843 et
409 2782 530 2858 quidem
547 2789 702 2840 aunatum.

155 2865 255 2925 XLIII.
279 2866 378 2941 Quare
394 2882 467 2940 ergo
483 2866 513 2923 id
531 2867 657 2936 lulmen,
680 2863 763 2938 quod
778 2864 864 2923 solus
879 2861 1067 2937 iupitermit·
1084 2865 1099 2919 1

91 2948 141 3020 tit,
163 2951 311 3022 placabile
333 2958 394 3022 est,
416 2947 619 3024 perniciosum
641 2947 685 3018 id,
710 2947 748 3005 de
764 2964 824 3020 quo
841 2945 1019 3006 deliberavit
1039 2950 1068 3003 ει

92 3031 178 3106 quod
200 3033 266 3092 aliis
288 3049 411 3109 quoque
433 3033 480 3090 dis
499 3031 673 3089 auctoribus
690 3031 790 3089 misit?
812 3031 882 3104 quia
898 3030 1016 3102 lovem,
1037 3027 1068 3085 id

92 3123 142 3175 est
162 3131 280 3190 regem,
304 3118 454 3191 prodesse
475 3115 564 3172 etiarn
587 3115 684 3172 solum
706 3122 841 3189 oportet,
863 3127 976 3174 nocere
995 3127 1065 3179 non,

92 3199 151 3258 nisi
175 3215 243 3258 cum
269 3200 406 3274 pluribus
429 3199 527 3255 visum
551 3205 607 3256 est.
655 3197 852 3270 piscantia,
883 3197 1100 3272 quicumquei

93 3297 233 3356 magnam
254 3284 331 3343 iuter
347 3283 486 3341 homines
507 3278 610 3354 adepti
626 3281 789 3353 potentiam
806 3288 890 3351 sunt,
913 3279 981 3338 sine
995 3292 1068 3336 con-

93 3365 162 3424 silio
179 3382 217 3425 ne
232 3367 343 3427 tulmen
358 3366 479 3440 quidem
493 3362 582 3421 mitti:
605 3363 770 3437 advocent,
786 3364 982 3423 considerent
993 3359 1068 3417 mul-

94 3456 192 3508 torum
216 3452 396 3516 sententias,
427 3448 596 3507 nociturum
618 3452 799 3522 temperent,
828 3446 887 3504 lroc
915 3443 972 3502 sibi
999 3457 1069 3517 pro-
