2364 3840
126 182 186 243 126
414 180 447 240 L.
468 178 614 239 ANNAEI
636 178 813 240 SENECAE

94 331 206 402 somni
220 345 311 391 manu
324 331 394 390 tela.
433 330 505 389 Cum
522 327 550 388 in
566 328 646 389 hunc
660 329 784 388 modum
799 331 892 388 multa
905 328 1045 405 undique
1058 331 1089 389 ia·

125 423 292 487 ctarentur,
317 428 396 489 quae
417 412 569 472 hominem
591 413 681 472 nimia
702 413 913 474 aestimatione
935 415 984 474 sui
1001 414 1092 473 iurea-

125 509 184 560 tem
209 498 408 570 concitarent,
430 498 610 556 Demaratus
631 496 891 557 Lacedaemonius
907 498 996 557 solus
1013 497 1094 558 dixita

125 583 223 659 ipsam
245 582 325 640 illam
341 596 402 654 qua
417 579 476 639 sibi
489 581 622 655 placeret
638 579 859 640 multitudinem
876 579 1060 655 indigestam
1070 588 1095 640 ct

124 681 247 742 gravem
262 664 453 723 metuendam
470 678 541 723 esse
555 664 692 724 ducenti:
714 680 775 724 non
791 664 870 723 enim
882 664 967 724 vires
979 664 1095 737 babere,

125 751 180 810 sed
202 748 334 823 pondus·
363 745 518 806 inmodica
531 762 694 822 numquam
710 747 776 822 regi
791 760 887 823 posse
904 762 964 807 nac
980 748 1034 808 diu
1047 749 1093 807 du-

95 846 208 903 brare,
225 830 372 906 quicquid
386 831 450 904 regi
466 847 527 891 non
544 837 653 905 potest.
676 831 730 905 „ln
744 832 856 906 primo,
871 831 987 907 inquit,
1003 832 1095 893 stetim

124 923 227 976 monte
240 914 379 974 Lacones
394 914 506 975 obiecti
520 914 635 974 dabunt
649 915 698 973 sui
709 914 962 989 experimentum.
990 922 1035 976 tot
1044 916 1096 975 ista

124 998 256 1073 gentium
270 994 351 1057 milia
363 998 512 1071 [trecenti]
523 998 730 1058 morabuntur.
754 999 922 1059 haerebunt
933 999 1098 1072 investigio

124 1084 176 1142 fixi
195 1088 224 1141 et
243 1080 427 1144 commissas
450 1081 507 1141 sibi
522 1083 679 1156 angustias
696 1082 858 1143 tuebuntur
872 1090 904 1143 et
917 1082 1096 1158 corporibus

124 1166 291 1227 obstruent.
314 1173 376 1225 tota
391 1167 459 1227 illas
473 1167 549 1226 Asia
564 1182 623 1227 non
639 1166 774 1226 movebit
789 1169 867 1227 loco.
890 1172 994 1226 tantas
1006 1165 1098 1225 minas

123 1251 194 1311 belli
206 1254 236 1309 et
250 1265 349 1324 paene
363 1251 456 1311 totius
471 1249 592 1323 generis
608 1250 730 1309 humani
744 1250 859 1310 ruentis
874 1251 1015 1324 inpetum
1028 1264 1096 1325 pau·

94 1333 238 1395 fidissimi
253 1335 371 1395 sistent.
403 1332 477 1394 Cum
491 1341 521 1393 te
535 1334 657 1393 mutatis
672 1333 789 1407 legibue
805 1334 871 1394 suis
882 1339 995 1393 natura
1006 1342 1096 1394 trans-

123 1418 252 1491 miserit,
276 1418 306 1477 in
327 1418 435 1478 semita
455 1416 596 1475 haerebis
618 1424 649 1476 et
669 1416 843 1476 aestimabis
862 1417 966 1478 lutura
980 1417 1099 1487 damna,

124 1519 192 1562 cum
213 1499 430 1576 conputaveris
452 1501 556 1574 quanti
581 1499 853 1578 Thermopylarum
877 1507 1011 1576 angusta
1029 1515 1098 1561 can·

125 1586 267 1645 stiterint:
295 1585 376 1643 scies
397 1589 426 1643 te
448 1584 546 1657 rugari
568 1598 677 1657 posse,
698 1596 767 1643 cum
788 1584 896 1644 scieris
919 1600 1018 1659 posse
1032 1585 1098 1644 reti-

95 1670 197 1733 tneri.
234 1667 349 1728 Cedent
371 1667 495 1742 quidam
518 1667 572 1727 tibi
594 1668 730 1742 pluribus'
757 1668 834 1727 locis
854 1669 938 1728 velut
958 1671 1098 1728 torrentis

123 1751 215 1812 modo
231 1751 337 1825 ablati,
361 1751 449 1812 cuius
464 1767 532 1811 cum
547 1764 657 1825 magno
673 1757 788 1811 terrore
804 1751 900 1825 prima
915 1752 963 1825 vis
977 1748 1097 1812 defluit:

124 1835 235 1895 deinde
257 1836 327 1895 hinc
342 1843 434 1911 atque
449 1835 530 1896 illinc
546 1835 721 1896 coorientur
735 1843 765 1895 et
778 1835 838 1895 tuis
854 1841 884 1895 te
900 1834 1018 1895 viribus
1034 1850 1096 1910 pre·

94 1928 213 1985 dment.
236 1921 351 1981 Verum
366 1931 422 1995 est,
441 1920 524 1996 quod
538 1920 656 1994 dicitnr,
672 1920 817 1979 maiorem
831 1918 903 1979 belli
919 1918 1097 1995 adparatum

124 2020 210 2078 esse,
230 2020 320 2078 quam
337 2006 388 2079 qui
403 2005 497 2078 recipi
514 2003 552 2061 ab
567 2003 615 2062 his
630 2004 808 2078 regionibus
824 2002 934 2078 possit,
952 2020 1034 2078 quas
1048 2003 1098 2063 ab

123 2104 262 2163 pugnare
278 2086 453 2147 constituis:
476 2086 530 2144 sed
547 2086 624 2145 haec
638 2102 689 2146 res
704 2095 812 2148 contra
826 2102 883 2148 nos
898 2094 956 2148 est.
987 2087 1029 2147 ob
1043 2087 1099 2146 boc

124 2173 225 2244 ipsum
245 2176 276 2228 te
291 2169 418 2227 Graecia
432 2169 546 2241 vincet,
571 2169 642 2242 quia
664 2187 724 2231 non
739 2170 835 2245 capit:
854 2170 898 2231 uti
913 2176 980 2231 toto
994 2177 1027 2230 te
1041 2185 1098 2231 non

94 2259 112 2314 9
124 2260 223 2326 potes.
258 2251 434 2322 Praeterea,
457 2266 536 2326 quae
557 2267 617 2311 una
636 2254 729 2314 rebus
752 2256 836 2315 salus
851 2260 913 2328 est,
936 2268 1098 2315 occurrere

124 2335 163 2394 ad
177 2333 294 2408 primos
308 2348 408 2392 rerum
424 2333 547 2409 inpetus
563 2342 592 2395 et
605 2337 755 2398 inclinatis
772 2353 862 2412 openr
878 2339 1034 2399 ferrarien
1048 2354 1098 2414 po·

123 2418 196 2479 teris
210 2431 268 2476 nec
283 2417 389 2476 fulcire
404 2432 441 2477 ac
455 2418 576 2478 firmare
591 2421 732 2481 labentia.
761 2424 854 2483 multo
870 2428 941 2482 ante
955 2423 1096 2493 vinceris,

84 2512 115 2565 10
124 2516 215 2577 quam
230 2500 343 2562 victum
359 2518 430 2562 esse
446 2510 475 2563 te
490 2505 614 2563 sentias.
650 2503 788 2565 Ceterum
804 2522 866 2566 non
882 2512 932 2566 est
947 2506 1036 2582 quod
1049 2520 1097 2565 ex·

123 2584 248 2646 ercitum
270 2593 353 2647 tuum
374 2586 414 2648 ob
436 2587 496 2648 hoc
517 2589 660 2648 sustineri
682 2596 771 2663 putes
798 2606 858 2648 non
885 2604 998 2665 posse,
1030 2589 1097 2664 quia

123 2686 267 2730 numerus
280 2673 346 2731 eius
359 2672 429 2732 duci
441 2688 566 2747 quoque
578 2673 698 2746 ignotus
712 2681 774 2733 est=
799 2672 872 2732 nihil
882 2680 944 2733 tam
955 2686 1096 2748 magnum

124 2761 171 2814 est
187 2755 273 2829 quod
287 2755 386 2829 perire
401 2772 462 2814 non
480 2757 593 2832 possit,
617 2757 664 2814 cui
680 2755 816 2817 nascitur
826 2755 856 2815 in
870 2757 1053 2832 perniciem,
1068 2761 1097 2816 ut

82 2847 113 2900 11
123 2838 181 2897 alia
203 2839 376 2912 (pallescant,
399 2855 438 2898 ex
457 2839 527 2914 ipsa
547 2840 754 2914 magnitudine
777 2857 834 2900 sua
849 2846 976 2902 causa.“
1010 2838 1096 2900 Aoni·

123 2923 233 2981 derunt
255 2937 334 2994 quae
354 2922 534 2984 Demaratus
561 2924 771 2998 praedixeram
800 2922 1019 3000 dirimatque
1045 2924 1095 2984 hu-

122 3021 212 3065 mana
231 3006 425 3080 inpellentem
447 3014 476 3066 et
496 3014 660 3068 mutantem
683 3008 829 3083 quicquid
848 3008 1022 3082 obstiterat,
1041 3013 1095 3066 tre·

123 3089 203 3149 centi
220 3096 301 3148 stare
316 3088 485 3163 iusserunt,
509 3098 684 3165 stratusque
700 3107 755 3166 per
770 3098 862 3151 totam
876 3090 993 3166 passim
1006 3091 1094 3152 Grae-

124 3174 201 3232 ciam
216 3173 334 3232 Xerxes
354 3173 515 3246 intellexit,
539 3182 684 3249 quantum
699 3175 736 3234 ab
752 3175 887 3235 exercitu
903 3176 992 3234 turba
1007 3175 1094 3235 dista·

122 3264 177 3315 ret.
213 3257 319 3329 Itaque
334 3256 453 3316 Xerxes
471 3257 590 3330 pudore
606 3275 695 3333 quarn
711 3259 822 3319 damno
837 3256 1094 3320 miseriorDema·

122 3348 189 3399 rato
204 3340 317 3413 gratias
333 3341 408 3414 egit,
432 3342 515 3414 quod
530 3343 617 3402 salus
634 3341 691 3402 sibi
706 3358 809 3401 verum
826 3339 969 3416 dixisset,
987 3348 1019 3402 et
1030 3355 1094 3417 per·

83 3423 201 3483 inmisit
222 3431 325 3499 petere
341 3424 424 3499 quod
442 3425 541 3485 vellet.
577 3424 664 3487 Petiit
679 3427 729 3487 ille
743 3433 776 3487 ut
792 3424 913 3501 Sardis,
936 3426 1095 3487 maximam
