2364 3840
275 188 416 250 NATUR.
433 187 595 262 QUAEST.
618 189 737 247 irati.
759 197 893 252 44-49.
1015 189 1078 253 205

96 357 161 400 non
183 340 256 400 iacit
276 356 370 413 nunc,
392 338 506 414 Iupiter
521 325 596 398 tecit⁴
609 348 642 399 ut
656 338 773 397 fierent.
796 337 930 412 Singulis
947 356 1007 399 nou
1023 342 1075 401 ad-

94 431 163 499 est,
182 431 212 484 et
224 430 321 484 nmen
337 422 396 481 vim
412 430 441 482 et
456 439 581 483 causam
596 431 625 481 et
639 439 763 482 manum
778 423 918 483 omnibus
935 422 1027 482 dedit.

162 507 281 566 XLVII.
309 507 403 566 Huic
425 506 579 567 illorum
603 506 793 566 divisioni
816 522 890 566 non
914 507 1076 568 accedo:

96 592 209 652 aiunt
239 597 302 651 aut
332 597 522 666 perpetua
555 606 645 650 esse
678 591 839 649 fulmina
871 597 934 650 aut
962 589 1077 652 iinita

97 682 163 737 aut
191 675 453 749 prorogativa.
488 681 650 748 perpetua,
681 691 812 749 quorum
838 673 1019 748 significatio
1046 672 1076 734 in

95 765 190 820 totam
207 759 337 832 pertinet
352 759 457 831 vitam,
479 773 536 816 nec
552 775 644 818 unam
658 774 720 818 rem
737 759 907 830 denuntiat,
929 758 985 817 sed
1003 772 1075 818 con-

95 850 213 902 textum
238 856 339 903 rerum
363 857 558 916 peromnem
579 842 725 917 deinceps
754 849 883 903 aetatem
908 843 1077 902 suturarum

95 926 307 1000 conplectitur.
331 926 407 984 haec
424 934 494 985 sunt
508 925 647 998 fulmina,
672 942 751 1000 quae
767 926 864 1001 prima
878 933 1006 1000 accepto
1024 943 1075 1001 pa-

95 1010 238 1069 trimonio
255 1017 284 1068 et
299 1026 379 1069 novo
394 1010 524 1069 hominis
542 1015 594 1068 aut
609 1009 694 1069 urbis
711 1017 791 1070 statu
806 1011 889 1071 fiant.
925 1011 1021 1070 Finita
1036 1012 1075 1071 ad

94 1094 177 1153 diem
198 1094 303 1168 utique
324 1094 521 1168 respondent.
555 1093 753 1166 Prorogativa
768 1102 853 1167 sunt,
876 1109 1006 1169 quorum
1022 1095 1075 1154 rni-

95 1192 154 1236 nae
170 1176 284 1236 differri
301 1185 446 1251 possunt,
469 1178 564 1236 averti
579 1177 705 1250 tollique
721 1194 782 1237 non
797 1184 938 1253 possunt.

157 1260 291 1320 xtvttt.
324 1261 468 1334 Dicant,
502 1261 593 1336 quid
620 1260 685 1332 sit,
717 1277 834 1336 quare
861 1260 950 1320 huic
976 1261 1103 1324 divi-l

90 1344 199 1413 ,sioni
221 1359 293 1402 non
316 1346 570 1405 consentiam.
592 1361 662 1404 nam
677 1350 707 1402 et
723 1344 807 1419 quod
825 1352 1005 1419 perpetuum
1020 1362 1074 1405 vo·

95 1436 166 1488 cant
186 1428 317 1501 tulmen,
343 1429 459 1488 linitum
482 1437 537 1489 est.
568 1444 667 1503 aeque
688 1429 767 1487 enim
788 1428 861 1487 tatia
877 1428 916 1487 ad
933 1428 1013 1488 diem
1027 1444 1075 1487 re-

95 1511 266 1586 spondent,
284 1527 340 1571 nec
353 1511 422 1571 ideo
435 1513 520 1572 finita
532 1529 591 1572 non
605 1522 690 1586 sunt,
704 1514 776 1586 quia
787 1513 881 1573 muita
893 1512 1074 1587 significant,

94 1603 124 1655 et
145 1595 231 1671 quod
251 1596 481 1670 prorogatio-um
501 1597 628 1667 videtur,
652 1597 768 1656 finitum
785 1606 840 1658 est.
870 1613 941 1656 nam
955 1598 1075 1658 illorum

94 1694 221 1754 quoque
243 1681 439 1738 consessione
455 1688 569 1739 certum
584 1689 644 1753 est,
667 1697 833 1755 quousque
847 1683 1015 1756 inpetratur
1031 1684 1074 1742 di-

93 1762 175 1824 tatio.
201 1761 322 1838 privata
336 1763 415 1821 enim
432 1765 551 1837 fulgura
565 1773 677 1838 negant
691 1767 768 1824 ultra
784 1766 934 1825 decimum
950 1782 1073 1840 annum,

92 1844 218 1921 publica
231 1849 310 1906 ultra
325 1847 509 1907 tricesimum
526 1863 621 1920 posse
636 1847 760 1906 differri.
786 1847 846 1907 hoc
862 1849 954 1909 modo
970 1857 1000 1909 et
1016 1851 1074 1910 ista

92 1930 179 1990 finita
193 1937 277 2004 sunt,
295 1931 366 2006 quia
379 1931 456 1990 ultra
469 1932 553 2004 quod
567 1947 627 1989 non
644 1937 835 2007 prorogatur,
852 1931 1003 1991 inclusum
1016 1942 1072 1992 est.

92 2013 233 2073 Omnium
255 2029 328 2088 ergo
350 2015 507 2074 fulminum
528 2021 558 2072 et
580 2016 678 2074 omnis
700 2022 829 2073 eventus
845 2015 911 2073 dies
931 2022 1008 2074 stata
1024 2017 1072 2075 sit.

91 2114 154 2158 non
177 2104 280 2172 potest
302 2099 380 2157 enim
401 2099 463 2159 ulia
483 2098 589 2157 incerti
612 2114 683 2158 esse
698 2098 935 2173 conprehensio.
971 2099 1101 2172 Quaen

91 2181 345 2256 inspicienda
366 2191 455 2242 sunt
478 2184 515 2242 in
533 2182 702 2256 fulgure,
732 2183 847 2255 passim
874 2191 903 2242 et
929 2199 1006 2257 vage
1028 2184 1070 2242 di-

92 2270 180 2338 cunt,
196 2280 264 2324 cunr
281 2266 402 2340 possint
416 2266 461 2324 sic
476 2267 627 2337 dividere,
645 2267 899 2341 quemadmodum
916 2267 953 2326 ab
969 2268 1071 2326 Attalo

90 2347 288 2423 philosopho,
305 2351 356 2424 qui
369 2365 404 2408 se
415 2349 485 2408 huic
497 2351 677 2424 disciplinae
689 2351 863 2422 dediderat,
880 2349 979 2409 divisa
992 2358 1071 2422 sunt,
1108 2367 1110 2371 ·

90 2439 122 2492 ut
132 2432 306 2507 inspiciant,
321 2433 372 2492 ubi
386 2433 496 2493 tactum
511 2434 558 2505 sit,
575 2436 708 2508 quando,
725 2435 783 2507 oui,
799 2436 898 2509 inqua
912 2449 954 2505 re,
971 2436 1070 2507 quate,

90 2522 248 2591 quantum.
277 2517 360 2575 Haec
375 2517 402 2575 si
417 2517 557 2591 digerere
572 2519 600 2576 in
619 2527 721 2593 partes
741 2534 814 2577 suas
832 2519 974 2588 voluero,
997 2515 1072 2589 quid

88 2605 202 2674 postea
216 2600 346 2659 faciam?
374 2601 403 2658 in
420 2600 559 2660 inmensa
576 2603 752 2675 procedam.

151 2681 254 2742 XLIX.
281 2683 384 2743 Nunc
410 2685 562 2744 nomina
583 2686 792 2759 fulgurum,
819 2682 1099 2757 quaetione-1

89 2766 205 2826 cinna
232 2776 444 2841 ponuntur,
479 2774 614 2842 aperte
648 2767 884 2840 distinguant
914 2773 950 2825 et
978 2767 1071 2839 quid

90 2851 208 2910 decis
225 2853 404 2924 sentiam,
421 2868 618 2926 exponam.
640 2852 772 2910 Aitesse
789 2851 1069 2925 postulatoria,

90 2933 205 3008 quibus
221 2934 372 2994 sacrificia
386 2935 560 2995 intermissa
576 2943 625 2995 aut
642 2951 703 2993 non
719 2935 775 2993 rite
789 2935 868 2994 tacta
882 2942 1069 3011 repetuntur,

89 3018 315 3092 monitoria,
344 3019 457 3094 quibus
480 3020 623 3088 docetur,
652 3017 726 3092 quid
744 3019 913 3079 cavendum
929 3020 982 3093 sit,
1004 3035 1068 3093 pe-

90 3099 250 3175 stifera,
275 3118 353 3177 quae
374 3112 501 3163 mortem
522 3101 708 3177 exitiumque
732 3104 930 3176 portendunt,
954 3105 1067 3162 iulia·

90 3184 163 3257 cia,
189 3200 269 3260 quae
290 3201 345 3260 per
366 3188 501 3261 speciem
524 3187 651 3246 alicuius
673 3187 744 3246 boni
760 3197 885 3247 nocent:
909 3188 981 3245 dant
996 3203 1068 3247 con-

90 3270 222 3328 sulatum
238 3270 318 3328 mato
333 3271 465 3330 futurum
481 3271 671 3345 gerentibus,
698 3278 727 3330 et
740 3271 954 3342 hereditatem,
981 3271 1067 3330 cuius

90 3349 297 3427 conpendium
322 3369 433 3428 magno
458 3355 603 3414 luendum
631 3356 670 3414 sit
694 3356 898 3415 incommodo.
936 3350 1081 3413 dentass

88 3449 174 3512 nea,
198 3451 279 3510 quae
294 3437 428 3511 speciem
442 3439 567 3514 periculi
581 3440 647 3498 sinc
658 3440 795 3514 periculo
810 3440 957 3509 adierunt,
981 3451 1060 3508 per·
1079 3443 1097 3496 2
