2364 3840
304 173 356 234 DE
376 173 588 234 enuntians
610 174 682 233 ΗΒ.
694 176 732 233 V.
755 184 852 239 7-9.
997 232 1001 238 .
1027 176 1068 239 93

89 326 162 386 nihil
179 325 291 386 dicitur
309 325 455 399 perdere,
472 326 543 399 quia
553 325 700 400 quicquid
712 327 754 386 iili
766 328 918 402 avellitur,
934 328 1069 389 odiliam

49 440 54 451 ·
87 410 182 481 redit,
201 425 260 469 nec
272 408 372 484 perire
388 409 551 484 quicquam
565 417 680 485 potest,
701 413 786 485 quod
799 428 860 485 quo
874 412 997 472 excidat
1008 429 1069 472 non

88 493 191 567 habet,
207 495 264 554 sed
277 492 385 553 eodem
397 494 573 567 revolvitur,
589 495 672 553 unde
688 494 827 554 discedit.
850 495 949 568 „Quid
961 496 1068 568 simite,

88 577 210 652 inquis,
225 577 318 636 habet
329 575 390 636 hoc
401 578 574 651 exemplum
588 579 764 652 propositae
777 580 992 653 ειτεεειίοτιιιι
1020 580 1069 639 Di·
1083 584 1099 637 6

89 676 168 721 cam.
194 660 271 720 Puta
286 668 316 720 ιε
327 658 478 735 ingratum
490 676 576 720 esse:
600 678 661 720 non
676 662 955 736 peritbeneficium.
979 663 1072 722 habet

89 744 166 804 iliud
181 742 234 819 qui
250 744 343 804 dedit.
367 752 439 817 puta
452 752 483 804 te
496 743 635 819 recipere
646 748 742 806 nolte:
764 747 847 820 apud
859 753 889 806 ιε
900 754 962 814 εει,
986 753 1069 805 ante-

90 844 186 903 quam
194 827 342 887 redditur.
370 828 436 888 Non
452 835 541 902 potes
554 830 717 903 quicquam
732 831 883 903 amittere,
901 831 972 906 quia
985 831 1071 905 quod

89 910 273 983 detrahitur,
302 910 499 972 nihilominus
524 912 576 971 tibi
603 913 777 987 acquiritur.
813 915 891 975 intra
916 922 946 974 te
969 914 1069 989 ipsum

88 996 174 1058 orbis
190 995 305 1070 agitur:
328 995 507 1070 accipiendo
527 996 598 1069 daS,
620 997 721 1056 dando
738 999 863 1073 accipis.

152 1079 204 1138 lX.
235 1078 457 1154 „Beneficium
480 1080 591 1155 inquit,
615 1080 673 1138 sibi
692 1081 766 1139 dare
787 1090 921 1156 oportet:
950 1100 1023 1159 ergo
1042 1084 1099 1143 etl

88 1164 208 1223 referre
229 1163 357 1238 gratiam
378 1169 529 1238 oportet.“
565 1163 696 1222 Primum
717 1165 791 1223 iliud
814 1165 924 1224 salsum
946 1175 1008 1239 est,
1032 1184 1072 1227 ex

88 1264 153 1323 quo
176 1246 311 1321 pendent
331 1249 501 1321 sequentia.
529 1262 618 1305 nemo
637 1246 717 1305 enim
739 1247 797 1306 sibi
813 1247 995 1308 beneficium
1011 1251 1071 1322 dat,

88 1331 148 1390 sed
170 1337 297 1390 naturae
313 1347 388 1390 suae
405 1338 505 1405 paret,
527 1347 545 1388 a
562 1346 623 1405 qua
638 1332 678 1390 ad
693 1332 847 1390 caritatem
864 1334 911 1391 sui
929 1335 1072 1407 conposi-

87 1424 141 1475 tus
163 1422 220 1474 est.
248 1414 329 1472 uude
349 1414 391 1473 iiii
413 1430 531 1474 summa
547 1431 620 1474 cura
635 1415 835 1475 estnocitura
848 1415 978 1490 vitandi,
1003 1433 1072 1491 pro·

89 1501 195 1559 futura
209 1497 384 1571 adpetendi.
411 1499 517 1574 Itaque
534 1515 591 1558 nec
606 1499 740 1559 liberalis
756 1507 811 1573 est,
828 1502 880 1575 qui
896 1499 952 1560 sibi
969 1501 1102 1572 donata

87 1597 150 1642 nec
165 1582 315 1654 clemens,
337 1581 389 1655 qui
405 1582 463 1641 sibi
478 1583 622 1656 ignoscit,
638 1600 695 1642 nec
710 1583 901 1658 misericors,
919 1585 971 1660 qui
986 1584 1073 1644 maiis

88 1664 159 1726 suis
175 1665 322 1740 tangitur:
345 1666 428 1740 quod
442 1667 508 1725 aliis
522 1675 677 1741 praestare
689 1668 853 1728 liberalitas
866 1677 927 1742 est,
943 1671 1074 1728 clemen·

87 1749 150 1821 tia,
175 1749 402 1822 misericordia,
424 1748 483 1808 sibi
498 1758 655 1825 praestare
672 1758 779 1810 natura
795 1759 851 1810 est.
886 1752 1075 1812 Beneficium

89 1848 144 1892 res
155 1833 327 1892 voluntaria
337 1840 393 1892 εει.
417 1842 448 1892 at
462 1835 613 1907 prodesse
624 1834 682 1892 sibi
697 1836 906 1894 necessarium
919 1843 976 1898 εει.
1008 1836 1074 1907 Quo

92 1916 165 1992 quis
177 1917 264 1989 plura
274 1916 426 1975 beneficia
437 1917 521 1976 dedit
531 1917 751 1976 beneficentior
762 1923 824 1976 est:
849 1920 917 1991 quis
929 1933 1075 1993 umquam

90 2000 237 2060 laudatus
253 2006 316 2072 est,
338 2001 421 2075 quod
437 2001 494 2059 sibi
510 2001 578 2074 ipse
593 2001 701 2060 suisset
715 1999 850 2060 auxilior
871 2001 954 2075 quod
971 2016 1005 2059 se
1018 2001 1074 2059 eri·

90 2084 215 2160 puisset
234 2082 425 2144 latronibus?
456 2085 551 2144 Nemo
574 2083 633 2143 sibi
650 2083 832 2143 beneficium
848 2085 912 2159 dat,
936 2100 996 2143 non
1013 2100 1075 2142 ma-

91 2168 142 2244 gis
164 2183 255 2242 qnam
278 2166 458 2242 hospitium,
480 2185 569 2227 nemo
588 2168 646 2227 sibi
661 2169 769 2239 donat,
792 2186 853 2228 non
871 2168 968 2243 magis
985 2183 1076 2243 quam

90 2251 200 2312 credit.
238 2250 270 2310 Si
287 2251 338 2309 dat
352 2250 410 2310 sibi
426 2254 558 2326 quisque
569 2252 768 2327 beneficium,
791 2269 915 2328 semper
927 2253 993 2327 dat,
1010 2254 1106 2317 sinet

92 2334 321 2395 intermissione
337 2335 403 2408 dat,
425 2335 501 2395 inire
520 2337 739 2397 beneficiorum
757 2354 883 2397 snorum
897 2354 959 2397 non
977 2345 1078 2410 potest

92 2434 263 2479 numerum.
301 2419 424 2493 quando
446 2436 519 2494 ergo
540 2421 668 2495 gratiam
688 2422 814 2495 reseret,
844 2438 913 2481 cum
939 2437 995 2495 per
1018 2421 1078 2480 hoc

92 2504 212 2578 ipsum,
242 2518 303 2576 quo
326 2503 452 2575 gratiam
472 2505 580 2577 refert,
608 2503 791 2564 beneficium
813 2505 885 2563 dat?
920 2502 1077 2577 quomodo

93 2587 176 2646 enim
196 2587 372 2645 discernere
395 2588 521 2662 poterit,
548 2595 649 2647 utrum
670 2589 722 2647 det
746 2589 804 2646 sini
829 2585 1013 2645 beneficium
1039 2601 1076 2642 an

92 2670 218 2743 reddat,
240 2685 307 2728 cum
329 2667 408 2730 intra
426 2673 566 2731 eumdem
586 2671 739 2730 hominem
759 2687 810 2728 res
826 2674 970 2743 geratur?
990 2667 1077 2725 Libe-

92 2755 161 2814 ravi
182 2768 231 2811 me
247 2753 397 2826 periculo:
418 2755 601 2826 beneficium
619 2753 691 2812 mihi
708 2755 788 2813 dedi
811 2754 917 2812 iterum
935 2766 983 2809 rne
999 2751 1078 2824 peri·

95 2839 165 2898 culo
187 2837 300 2900 libero:
330 2846 428 2897 utrum
452 2839 491 2899 do
510 2838 691 2897 beneficium
706 2854 745 2895 an
759 2838 879 2897 reddo?
913 2836 1032 2896 Deinde
1046 2837 1108 2895 uti

93 2923 226 2996 primum
242 2921 316 2980 iliud
330 2924 506 2996 concedam,
523 2923 596 2981 dare
612 2937 670 2980 nos
685 2920 867 2980 beneficium
880 2919 979 2994 nobis,
996 2918 1081 2995 quod

95 3004 235 3080 sequitur
255 3022 316 3065 non
338 3008 514 3065 concedam.
542 3021 610 3064 nam
628 3005 747 3063 etiamsi
763 3006 886 3079 damus,
910 3021 971 3064 non
987 3003 1079 3062 debc-

93 3105 179 3162 nius,
203 3089 275 3162 quia
297 3089 396 3149 statim
416 3091 597 3164 recipimus:
623 3089 762 3163 accipere
784 3105 832 3148 me
850 3095 972 3162 oportet
986 3088 1078 3147 bene·

94 3172 213 3244 ficium,
241 3172 353 3232 deinde
380 3170 506 3246 debere,
537 3173 647 3232 deinde
673 3172 797 3233 reterre.
833 3172 965 3232 debendi
991 3173 1078 3230 iocus

93 3273 156 3317 uon
179 3263 241 3330 εει,
265 3257 337 3330 quia
358 3256 424 3317 sine
446 3258 508 3316 uita
528 3272 616 3315 mora
634 3257 809 3330 recipimus.
843 3256 900 3317 Dat
913 3271 1003 3314 nemo
1020 3253 1079 3313 nisi

95 3339 192 3400 alteri.
222 3339 314 3400 debet
329 3356 418 3400 nemo
434 3340 492 3403 nisi
507 3340 602 3400 alteri.
629 3340 731 3398 reddit
745 3355 834 3400 nemo
850 3339 909 3398 nisi
925 3339 1025 3400 alteri:
1049 3335 1081 3393 id
1150 3334 1153 3339 '

93 3423 174 3484 intra
188 3437 283 3482 unum
298 3440 360 3484 non
375 3430 478 3500 potest
492 3424 573 3498 fieri,
590 3424 674 3498 quod
688 3425 800 3484 totiens
816 3423 895 3480 duos
913 3421 1016 3494 exigit,
