2364 3840
241 221 382 282 NATUR.
398 220 561 294 QUAEST.
585 220 657 281 LIB.
670 220 720 279 ΙΙΙ.
744 228 788 280 25.
803 228 847 283 26.
971 221 1034 284 229

54 374 125 432 lacu
146 369 274 443 vehitur,
297 371 356 429 alia
375 371 405 429 in
429 371 496 429 lacu
512 369 690 430 Statoniensi
706 379 762 431 cst.
802 371 974 431 Cutiliarum
990 373 1033 431 in-

56 457 124 516 rula
143 454 269 514 arbores
284 453 376 512 habet
391 461 420 513 et
433 453 545 513 herbas
561 455 666 514 nutrit:
689 462 789 514 lamen
808 470 889 530 aqua
903 456 1033 514 sustine-

56 555 103 599 tur
119 544 149 598 et
162 538 192 596 in
208 537 285 597 lranc
301 545 392 611 atque
407 538 487 596 illam
504 544 621 612 partem
638 555 698 598 non
715 547 804 598 vento
826 544 955 611 lantum,
978 540 1035 597 sed

55 639 130 682 aura
145 621 333 696 conpellitur,
349 637 406 680 nec
420 631 568 695 umquam
578 623 618 680 illi
632 637 686 696 per
698 621 778 681 diem
791 638 827 682 ac
840 629 959 681 noctem
972 638 1033 682 uno

54 708 125 766 loco
148 706 237 764 statio
263 711 325 764 est:
348 705 426 775 adeo
452 713 590 764 movetur
612 705 673 765 levi
698 705 782 765 flatu.
817 707 894 765 Huic
919 706 1068 780 duplexo

55 796 233 849 causaest:
259 804 358 863 aquae
378 790 511 862 gravitas
532 789 715 862 medicatae,
739 791 779 850 ob
800 790 860 849 hoc
881 790 1033 864 pondero·
1124 825 1127 830 -

56 888 127 945 sae,
156 879 187 932 et
203 871 302 946 ipsius
324 873 443 931 insulae
462 874 590 933 materia
610 873 784 947 vectabilis,
809 890 888 948 quae
911 891 970 933 non
988 881 1035 933 est

56 957 197 1030 corporis
209 955 313 1027 solidi,
331 955 471 1030 quamvis
484 957 611 1016 arbores
624 958 691 1016 alat.
715 958 848 1017 sortasse
859 959 937 1016 enim
950 960 1034 1017 leves

54 1047 182 1100 truncos
199 1039 387 1114 frondesque
401 1041 430 1096 in
447 1039 516 1098 lacu
528 1056 656 1114 sparsas
668 1041 790 1114 pinguis
803 1042 912 1101 humor
925 1042 1034 1116 adpro·-

54 1121 162 1183 hcndit
182 1139 218 1181 ac
241 1122 344 1181 vinxit.
380 1123 486 1196 ltaque
510 1122 600 1182 etiam
620 1123 724 1197 siqua
745 1122 774 1181 in
794 1125 845 1181 illa
861 1140 937 1182 saxa
955 1131 1076 1197 sunt,10

54 1205 195 1266 invenies
217 1221 336 1280 aquosa
358 1214 388 1265 et
407 1206 562 1279 fistulosa,
592 1206 693 1280 qualia
714 1213 785 1265 sunt
805 1222 885 1279 quae
908 1208 1034 1266 duratus

54 1292 167 1350 humor
188 1289 296 1362 allicit,
321 1289 426 1364 utique
447 1289 528 1348 circa
548 1290 766 1348 medicatorum
788 1289 915 1347 fontium
941 1291 1034 1350 rivos

10 1435 13 1440 ,
57 1387 156 1450 quare
176 1373 228 1431 ubi
247 1380 445 1446 purgamenta
460 1389 608 1447 aquarum
624 1375 801 1432 coaluerunt
816 1378 845 1430 et
859 1389 969 1447 spuma
985 1389 1032 1431 so-

55 1457 183 1526 lidatur,
207 1457 385 1516 necessario
406 1457 474 1514 leve
496 1464 557 1529 est,
579 1457 662 1531 quod
683 1472 722 1514 ex
742 1463 872 1516 ventoso
891 1457 1035 1530 inanique

58 1546 313 1600 concretumest.
359 1539 624 1611 Quorumdam
647 1556 765 1600 causa
798 1557 870 1599 non
904 1541 1075 1614 potestll

55 1623 182 1684 reddi:
208 1638 303 1696 quare
324 1639 404 1696 aqua
424 1623 552 1684 Nilotica
574 1624 767 1684 secundiores
790 1623 918 1683 laminas
935 1623 1033 1696 iaciat,

56 1707 137 1770 adeo
152 1713 185 1765 ut
201 1708 399 1781 quarumdam
415 1708 534 1767 viscera
549 1708 641 1782 longa
654 1708 810 1767 sterilitate
824 1709 984 1782 praeclusa
996 1708 1035 1767 ad

58 1797 241 1868 conceptum
264 1789 455 1850 relaxaverit.
486 1807 580 1865 quare
601 1791 752 1865 quaedam
771 1793 799 1849 in
823 1792 918 1868 Lycia
936 1807 1035 1865 aquae

58 1883 242 1951 conceptum
266 1874 444 1933 seminarum
470 1875 660 1947 custodiant,
690 1891 767 1948 quas
794 1875 895 1933 solent
921 1882 1033 1947 palere,

59 1961 173 2035 quibus
190 1975 295 2033 parum
311 1967 403 2018 tenax
417 1960 509 2017 vulva
523 1964 579 2016 est.
616 1956 704 2030 Quod
719 1958 757 2016 ad
775 1973 823 2014 me
838 1957 960 2028 adtinet,
978 1972 1033 2029 po-

56 2061 98 2104 no
114 2044 173 2102 ista
188 2042 266 2102 inter
277 2049 390 2101 temere
400 2043 533 2114 volgata.
556 2039 708 2100 Creditum
721 2049 767 2100 est
777 2041 926 2114 quasdam
937 2055 1034 2113 aquas

58 2127 194 2188 scabiem
214 2126 335 2184 adlcrre
350 2124 548 2200 corporibus,
573 2125 723 2199 quasdam
736 2124 911 2197 vitiliginem
927 2130 957 2181 et
971 2124 1034 2182 loe-

59 2211 129 2270 dam
150 2225 189 2268 ex
205 2208 274 2269 albo
291 2210 482 2280 varietatem,
507 2210 572 2268 sive
587 2208 688 2267 inlusa
702 2209 768 2267 sive
783 2215 855 2283 pola
871 2208 924 2266 sit:
952 2207 1035 2281 quod

60 2295 166 2354 vitium
187 2292 291 2352 dicunt
307 2292 421 2351 habere
438 2309 549 2368 aquanr
565 2309 582 2352 e
596 2309 666 2353 rore
681 2293 848 2352 collectam.
888 2291 959 2363 Quis
977 2307 1035 2350 non
1045 2295 1077 2348 12

58 2375 264 2452 gravissimas·
280 2391 351 2435 esse
374 2392 471 2450 aquas
489 2377 610 2448 credat,
633 2377 756 2450 quaein
772 2377 950 2452 crystallum
966 2389 1035 2433 coc-

58 2467 131 2520 unt?
153 2466 259 2519 contra
270 2467 369 2518 autem
382 2468 443 2520 est:
464 2460 650 2519 tenuissimis
663 2459 742 2518 enim
754 2459 813 2518 hoo
825 2457 940 2529 evenit,
958 2472 1034 2530 quas

59 2544 156 2616 trigas
180 2544 219 2603 ob
239 2544 338 2616 ipsam
359 2543 534 2603 tenuitatem
552 2541 691 2602 lacillimc
708 2543 797 2614 gelat.
832 2540 921 2598 Unde
936 2545 1035 2597 autem

58 2626 113 2686 ilat
132 2627 284 2685 eiusmodi
306 2627 400 2701 lapis
423 2627 506 2700 apud
528 2626 662 2684 Graecos
684 2636 727 2682 ex‘
746 2625 815 2696 ipso
839 2622 960 2680 nomine
981 2623 1035 2679 ad-

59 2716 163 2784 paret:
191 2702 399 2786 κρύσταλλον
420 2710 498 2768 enim
520 2710 674 2783 adpellant
693 2723 791 2781 acque
807 2706 887 2764 hunc
905 2705 1035 2777 perluci-

60 2795 132 2854 dum
147 2792 281 2866 lapidem
298 2810 389 2866 quam
403 2795 483 2851 illam
499 2793 641 2866 glaciem,
665 2808 704 2850 ax
720 2808 781 2865 qua
795 2789 861 2848 fieri
876 2787 954 2862 lapis
971 2802 1034 2846 cre-

59 2877 149 2936 ditur.
179 2890 260 2950 aqua
274 2877 354 2935 enim
369 2879 510 2936 coelestis
528 2875 682 2935 minimum
698 2876 727 2932 in
743 2891 777 2933 se
792 2870 904 2932 terreni
917 2871 1035 2931 habens

60 2976 130 3020 cum
141 2959 289 3031 induruit,
305 2959 451 3034 longioris
464 2959 586 3032 frigoris
601 2958 764 3032 pertinacia
776 2957 928 3031 spissatur
939 2955 1035 3028 magis

60 3059 96 3104 ac
117 3043 230 3116 magia,
253 3043 352 3103 donec
367 3043 448 3102 omni
463 3045 534 3101 aare
550 3043 677 3100 excluso
694 3043 722 3099 in
741 3057 774 3100 se
790 3046 852 3101 tota
864 3054 1037 3113 >conpressa

60 3134 108 3186 est
123 3132 154 3185 et
167 3125 277 3185 humor
293 3127 343 3200 qui
360 3127 471 3199 luerat,
495 3125 572 3200 lapis
588 3123 716 3183 effectus
732 3132 788 3183 est.

61 3247 63 3251 ι
123 3208 230 3268 XXVI.
260 3211 421 3268 Aestate
448 3207 632 3281 quaedam
658 3208 816 3267 llumlna
838 3212 1065 3280 augentur,l

59 3300 93 3354 ul
114 3292 216 3361 Nilus,
245 3293 332 3352 cuius
354 3293 429 3351 allas
451 3292 527 3351 ratio
548 3288 702 3349 reddetur.
741 3290 970 3365 Theophrastus
990 3295 1038 3346 est

61 3383 183 3447 auctor,
206 3376 236 3433 in
256 3374 353 3436 Ponto
375 3390 500 3450 quoque
522 3374 673 3448 quosdam
688 3389 794 3433 amnes
810 3386 949 3433 crescere
964 3377 1036 3430 tern-

62 3474 139 3537 pore
150 3457 278 3518 aestivo.
304 3466 434 3534 quatuor
447 3473 517 3518 esse
530 3458 664 3517 iudicant
675 3471 801 3516 causas=
822 3464 874 3517 aut
885 3454 985 3531 quial*
