2364 3840
155 187 196 249 10
441 188 474 246 L.
496 188 642 248 ANNAEl
664 188 839 249 SENECAE

126 342 292 402 debrietcti
305 341 405 402 honor
420 347 451 402 et
466 341 626 414 plurimum
641 340 715 398 meri
731 339 855 415 cepisse
868 341 965 403 virtus
976 345 1041 403 erit.
1066 345 1137 407 Non

154 432 338 500 exspectant
356 440 419 485 uno
440 424 509 485 ioco
531 423 616 491 vitia,
647 423 704 483 sed
723 424 847 483 mobilia
867 433 897 485 et
918 424 996 486 inter
1018 444 1056 487 se
1070 430 1135 490 dis·

154 509 286 569 sidentia
304 509 535 578 tumultuantur,
559 507 675 581 petiunt
692 507 821 573 invicem
838 509 1060 587 fuganturque=
1085 529 1135 575 ce-

153 598 251 652 terum
265 592 347 651 idem
360 606 484 664 semper
495 589 534 651 de
549 589 638 651 nobis
652 592 848 664 pronuntiare
860 592 1055 671 debebimus,
1069 612 1135 658 ma·

153 676 200 735 ios
223 688 391 746 essenos,
418 675 515 735 maios
537 673 648 746 tuisse,
675 674 788 733 invitus
810 675 939 743 adiciam
959 683 990 735 et
1011 679 1133 755 tuturos

126 770 236 823 resse.
272 758 368 817 Erunt
381 757 567 826 homicidae,
590 758 726 833 tyranni,
749 758 848 830 iures,
866 759 1012 834 adulteri,
1026 771 1134 839 rapto·

154 858 220 913 res,
243 841 400 914 socriiegi,
422 839 612 914 proditores:
633 840 712 907 ipim
726 839 829 911 omnia
845 842 905 903 ista
921 844 1058 916 ingratus
1075 856 1134 921 est,

154 925 214 983 nisi
230 925 314 998 quod
329 924 430 983 omnia
444 924 502 983 ista
516 923 555 985 ab
570 924 690 997 ingrato
705 924 805 983 animo
819 931 905 996 sunt,
921 925 990 987 sine
1001 945 1066 1003 quo
1079 930 1134 990 vix

154 1009 248 1067 uilum
268 1023 410 1082 magnum
432 1007 549 1070 inciaus
570 1007 715 1071 adcrevit
750 1007 816 1067 Hoc
837 1017 870 1068 tu
884 1024 961 1068 cave
974 1017 1132 1087 tamquam

154 1089 318 1150 maximum
340 1090 469 1162 crimen,
488 1104 526 1148 ne
547 1089 704 1156 admittam
725 1092 855 1164 ignosce
868 1100 1023 1166 tamquam
1037 1095 1135 1158 ievis·

154 1174 249 1245 simo,
276 1175 302 1233 si
325 1175 493 1235 admissum
513 1181 569 1233 cst.
602 1172 678 1240 hqec
696 1181 744 1233 est
757 1173 837 1233 enim
852 1175 978 1250 iniuriae
994 1194 1132 1241 summa:

153 1257 335 1318 beneficium
357 1257 525 1332 perdidisti.
554 1256 672 1317 salvum
694 1257 813 1318 esttibi
833 1258 956 1331 exitio,
983 1263 1070 1335 quod
1085 1271 1133 1323 est

124 1340 318 1416 boptimumi
341 1341 465 1401 dedisti.
502 1340 824 1412 Quemadmodum
849 1349 973 1401 autem
990 1359 1132 1407 curan-

154 1426 236 1484 dum
261 1434 335 1496 est,
358 1426 452 1484 utin
474 1422 1132 1497 sospotissimumbeneficiacon·

154 1509 338 1579 ieramus,
356 1509 420 1581 qui
434 1513 543 1580 grate
557 1509 791 1581 responsuri
806 1515 931 1582 erunt,
944 1511 998 1570 ita
1011 1530 1132 1586 quae-

154 1590 249 1663 dem,
272 1589 428 1652 etiamsi
448 1591 546 1651 male
567 1590 612 1650 de
634 1591 715 1651 iliis
738 1592 979 1666 sperabitur,
1005 1596 1131 1658 iacie-

154 1689 234 1732 mus
256 1674 562 1747 tribuemusque,
586 1690 658 1734 non
681 1676 1132 1742 sotumsiiudicabimus

153 1756 330 1830 ingratos
354 1757 452 1829 iore,
476 1756 544 1817 sed
564 1757 594 1816 si
616 1758 783 1819 sciemus
806 1760 947 1819 iuisser
972 1767 1133 1838 tamquam

153 1841 180 1898 si
202 1840 282 1900 iiiios
298 1840 388 1900 alicui
402 1841 563 1901 restituere
577 1846 687 1914 poter-o
702 1857 813 1916 magno
831 1843 968 1917 periculo
981 1845 1132 1909 liberatos

153 1924 220 1982 sine
234 1925 296 1984 ulio
307 1940 392 1997 meo,
408 1940 470 1985 non
481 1922 636 1985 dubitabo.
659 1925 783 1999 dignum
795 1927 885 1993 etiam
898 1927 1043 2000 inpendio
1057 1946 1132 1990 san·

152 2007 255 2081 guinis
274 2009 333 2068 mei
353 2008 462 2068 tuebor
482 2014 512 2066 ct
533 2006 563 2066 in
587 2016 703 2083 partem
725 2008 910 2073 discriminis
924 2012 1061 2071 veniamc
1085 2015 1131 2074 in-

152 2090 277 2163 dignum
293 2093 319 2151 si
335 2091 454 2164 eripere
469 2091 637 2153 latronibus
654 2100 761 2166 potero
777 2091 909 2149 clamore
925 2093 1062 2168 sublato,
1079 2113 1132 2157 sa-

152 2173 280 2232 lutarem
295 2189 404 2233 vocem
419 2174 533 2234 homini
548 2191 610 2235 non
626 2174 743 2249 pigebit
756 2172 901 2233 emittere.

125 2272 139 2322 1
213 2257 263 2316 Xi.
288 2255 434 2330 Sequitur
448 2264 481 2317 ut
496 2257 649 2330 dicemus,
672 2254 984 2328 quaebeneiicia
1000 2260 1132 2325 danda

152 2339 232 2399 sint
254 2341 632 2414 etqucmadmodum.
665 2337 1133 2407 Primumdemusneces-

152 2423 274 2494 soria,
304 2421 446 2483 deinde
464 2423 593 2494 utilis,
620 2419 759 2479 deinde
780 2420 960 2498 iucunda,
987 2427 1130 2504 utique

151 2522 341 2567 mansura.
377 2505 644 2581 Incipiendum
671 2509 731 2567 est
752 2511 874 2563 eutem
897 2523 916 2580 a
937 2525 1129 2571 necessa>-

151 2589 232 2650 riis.
268 2590 355 2650 aliter
375 2590 455 2650 enim
475 2589 515 2649 ad
535 2587 666 2655 animum
687 2587 826 2657 pervenit
846 2591 929 2660 quod
944 2591 1036 2651 vitam
1052 2609 1122 2655 coux

150 2672 238 2744 tinet,
259 2665 781 2747 aliterquodexornarautinstruit,
807 2669 910 2731 Potest
921 2673 950 2731 in
962 2689 999 2734 eo
1011 2676 1126 2753 aliquis

154 2756 333 2817 iastidiosus
356 2770 429 2819 csse
443 2753 632 2820 aestimator,
654 2765 715 2822 quo
732 2751 819 2811 tacite
835 2754 985 2826 cariturus
999 2766 1062 2834 est,
1085 2763 1128 2821 de

151 2854 212 2912 quo
228 2838 332 2900 dicere
346 2839 431 2905 iicetc
457 2833 596 2908 ,recipe
618 2847 680 2890 ¹¹0ss
696 2834 849 2903 desidero·
876 2854 945 2900 meo
960 2848 1125 2911 contentus

151 2926 250 2981 sum.“
283 2923 402 2985 interim
418 2932 479 2983 nen
494 2910 625 2983 reddere
640 2921 754 2979 tantum
769 2919 841 2987 libet
856 2923 940 2996 quod
954 2929 1124 3003 acceperis,

121 3005 207 3067 ared
222 3004 354 3067 abicere.
388 3003 435 3065 Ex·
449 3000 496 3065 his
513 3011 593 3072 quae
606 3000 784 3064 necessaria
797 3011 880 3076 sunt,
897 3008 1049 3081 quaedam
1061 3012 1125 3086 pri·

149 3103 232 3149 mum
248 3087 386 3150 obtinent
405 3086 519 3152 losum,
543 3080 609 3140 sine
624 3080 734 3154 quibus
748 3100 809 3144 non
826 3101 992 3164 possumus
1007 3094 1124 3165 vivere,

151 3189 157 3229 t
213 3170 304 3233 edem
318 3165 497 3237 muudum,
512 3164 579 3223 Sine
593 3162 704 3237 quibus
720 3181 781 3226 non
793 3168 949 3244 debemus,
969 3177 1124 3248 quaedam

225 3269 286 3328 mn,
309 3251 377 3315 aine
398 3247 509 3322 quihus
530 3247 681 3307 nolumus.
714 3247 812 3309 Prima
835 3252 925 3314 huius
944 3264 1036 3317 notae
1052 3270 1126 3322 sunt

201 3336 284 3397 stium
298 3330 440 3398 manibus
454 3328 575 3403 eripiet
589 3329 765 3405 tyrannicae
780 3333 843 3393 irae
857 3343 887 3394 et
905 3340 1125 3415 proscriptioni

205 3418 270 3481 eliis
292 3413 451 3492 perieulis,
476 3426 555 3486 quae
575 3410 660 3471 uaria
674 3418 703 3470 et
720 3413 834 3476 incerta
847 3419 1010 3496 humanam
1027 3425 1126 3489 vitam
