2364 3840
120 170 183 235 152
409 172 442 231 L.
461 172 608 233 ΑΝΝΑΕΙ
629 172 806 233 SENECAE

88 337 104 386 ι
179 327 298 387 XXVll.
332 326 365 387 Si
385 326 438 386 tibi
460 327 539 386 vitae
561 334 686 386 nostrae
706 340 782 385 vera
801 325 903 401 imago
926 333 1084 400 succurret,

119 409 272 471 videberis
287 408 340 471 tibi
355 408 461 470 videre
476 418 583 484 captae
599 425 668 470 cum
685 410 816 468 maxime
831 408 962 470 civitatis
976 408 1083 482 taciem,

118 493 147 552 in
164 511 225 569 qua
239 495 355 556 omisso
371 493 498 568 pudoris
513 493 651 568 rectique
665 500 810 568 respectu
820 490 904 553 vires
920 494 951 553 in
964 491 1084 554 concilio

118 585 189 637 sunt
208 579 291 638 velut
311 578 399 652 signo
420 578 460 637 ad
481 575 696 651 permiscenda
716 576 819 637 omnia
831 576 913 637 dato.
943 591 1005 637 nou
1021 573 1083 650 igni,

117 678 179 721 non
196 663 276 722 lerro
291 660 473 720 abstinetur:
496 662 596 721 solutu
617 659 736 733 legibus
750 661 870 720 scelera
882 666 966 721 suut.
994 674 1033 719 ne
1044 674 1082 719 re

118 745 189 819 ligio
211 745 347 819 quidem,
378 759 458 818 quae
479 745 556 802 iuter
576 759 660 802 mma
680 742 803 803 hostilia
826 742 987 819 supplices
1010 740 1082 815 texit,

88 830 211 889 tullum
231 827 471 902 inpedimentum
492 827 708 887 astruentium
728 828 757 886 in
780 827 937 901 praedam.
978 826 1034 885 Hic
1051 839 1082 885 ex

118 913 251 986 privato,
278 910 327 970 hic
348 925 386 968 ex
408 910 546 984 publico,
567 910 617 969 hic
637 926 676 969 ex
696 911 842 984 prolano,
871 909 922 969 hic
944 924 986 971 ex
1004 924 1081 971 sacro

117 993 206 1067 rapit.
234 993 282 1053 hic
299 993 444 1068 effringit,
467 993 516 1052 hic
537 993 693 1053 transsilit.
719 993 769 1053 hic
786 1009 846 1055 noo
863 1000 1027 1055 contentus
1039 1008 1080 1051 an

118 1085 208 1151 gusto
230 1077 336 1137 itinere
357 1077 439 1152 ipsa,
465 1078 577 1152 quibus
598 1085 733 1149 arcetur,
754 1076 863 1137 evertit
881 1082 913 1137 et
931 1075 964 1137 in
978 1077 1082 1137 lucrum

117 1161 205 1219 ruina
219 1161 311 1221 venit
338 1161 388 1220 hic
402 1162 469 1221 sine
484 1162 581 1221 caede
595 1162 773 1236 populatur,
787 1158 838 1219 hic
854 1160 957 1235 spolia
971 1166 1081 1221 cruenta

118 1260 209 1305 manu
230 1252 339 1319 gestat.
371 1260 461 1306 nemo
483 1260 545 1305 non
566 1246 624 1305 lert
644 1243 759 1319 aliquid
779 1258 819 1303 ex
839 1245 947 1305 altero.
981 1244 1017 1303 Io
1034 1242 1081 1302 bac

118 1328 261 1389 aviditate
275 1329 396 1404 generis
411 1329 534 1389 humani
550 1345 568 1388 o
584 1344 642 1389 nae
656 1334 689 1388 tu
702 1325 792 1388 nimis
806 1327 949 1389 lomunae
960 1341 1082 1389 commu

117 1412 165 1471 nis
187 1413 298 1473 oblitus
319 1429 369 1485 es,
398 1413 450 1486 qui
472 1413 594 1487 quaeris
616 1413 694 1472 inter
717 1409 875 1486 rapientes
895 1412 1081 1471 relerentemt

88 1490 150 1554 tsi
178 1494 347 1570 indignaris
372 1497 509 1569 ingratos
536 1511 622 1568 esse,
649 1495 808 1569 indignare
828 1495 1023 1568 luxuriosos,
1045 1492 1081 1553 in·
1121 1508 1125 1513 ·

119 1579 246 1652 dignare
267 1595 395 1651 avaros,
422 1578 581 1652 indignare
601 1578 779 1653 inpudicos,
803 1578 965 1653 indignare
983 1591 1083 1653 aegros

119 1661 288 1730 deformes,
314 1677 406 1722 senes
430 1662 570 1736 pallidos.
612 1661 668 1722 Est
689 1662 768 1722 istuc
789 1676 883 1736 grave
903 1660 1025 1732 vitium,
1045 1665 1084 1721 est

118 1744 308 1805 intolerabile
323 1753 353 1806 et
365 1747 446 1821 quod
460 1745 607 1806 dissociet
619 1743 773 1816 nominee,
790 1745 876 1820 quod
886 1744 1083 1814 concordien,

120 1843 180 1902 qua
201 1827 382 1890 inbecillitas
402 1837 508 1890 nostra
523 1830 657 1900 fulcitur,
681 1828 802 1889 scindat
817 1843 854 1887 ac
868 1828 1016 1904 dissipet,
1036 1825 1084 1889 sed

117 1927 219 1987 usque
240 1927 277 1974 eo
297 1915 431 1989 volgare.
445 1921 507 1988 est,
529 1912 652 1973 utillud
672 1927 730 1971 nec
748 1913 801 1987 qui
818 1911 957 1987 queritur
971 1911 1084 1987 quiden

118 1995 268 2071 effugerit.

86 2078 102 2131 1
179 2080 312 2139 XXVIH.
346 2080 451 2153 Cogita
472 2088 590 2149 tecum,
621 2095 659 2139 an
690 2077 937 2154 quibuscunque
962 2076 1085 2140 debuisti

118 2164 246 2236 gratiam
266 2162 425 2233 retuleris,
453 2178 490 2220 an
512 2162 626 2222 nullum
647 2177 792 2238 umquem
813 2163 896 2237 apud
919 2168 951 2223 te
971 2161 1086 2237 perierit

119 2245 267 2319 officium,
289 2261 327 2304 an
343 2245 475 2304 omnium
492 2251 521 2304 te
535 2244 753 2307 beneficiorum
767 2246 915 2306 memoria
925 2246 1087 2307 comitetur.

117 2327 256 2403 Videbis,
270 2343 349 2402 quae
361 2343 457 2404 puero
470 2329 541 2388 data
551 2336 630 2404 sunt,
646 2337 716 2390 ante
727 2329 967 2391 adulescentiam
977 2330 1087 2404 elapsa,

120 2426 200 2486 quae
213 2409 243 2471 in
255 2413 396 2472 iuvenem
408 2414 527 2472 conlata
538 2420 622 2486 sunt,
638 2428 700 2474 non
712 2412 899 2489 perdurasse
908 2412 939 2472 in
952 2420 1087 2475 senectu-

117 2502 188 2555 tem.
225 2496 379 2571 Quaedam
394 2496 596 2571 perdidimus,
618 2498 770 2572 quaedam
784 2496 986 2571 proiecimus,
1001 2509 1087 2572 quae·

119 2578 189 2639 dam
204 2594 221 2640 e
236 2588 406 2656 conspectu
420 2587 526 2641 nostro
543 2581 685 2659 paulatim
700 2581 852 2654 exierunt,
875 2596 893 2640 a
909 2580 1088 2656 quibusdem

85 2666 226 2725 loculos
246 2666 418 2725 avertimus.
454 2665 494 2724 Ut
514 2679 660 2723 excusem
680 2663 734 2723 tibi
756 2661 983 2724 inbecillitatem
1001 2670 1087 2735 tuam,

117 2745 255 2820 inprimis
273 2748 379 2822 fragile
393 2753 440 2807 est
455 2748 601 2808 memorie
616 2755 647 2808 et
658 2762 759 2807 rerum
773 2746 881 2808 turbae
895 2763 958 2810 nou
970 2745 1087 2809 sullicit

117 2844 248 2889 necesse
268 2837 316 2890 est
336 2838 481 2906 quantum
502 2831 609 2906 recipit
630 2831 742 2892 emittat
762 2839 793 2892 et
808 2830 1024 2906 antiquissime
1045 2846 1087 2891 re

118 2914 302 2973 centissinris
324 2915 442 2975 obruat.
482 2914 532 2975 Sic
553 2917 746 2989 factumest,
767 2921 802 2975 ut
821 2911 948 2975 minima
960 2915 1046 2991 apud
1061 2920 1088 2973 te

118 2996 244 3056 nutricis
265 3004 349 3057 esset
369 2999 547 3072 auctoritas,
576 2997 649 3074 quia
672 2997 855 3059 beneficium
881 2998 949 3058 eius
970 2997 1088 3073 lougius

118 3086 205 3140 aetas
219 3094 354 3153 sequens
369 3083 481 3156 posuit.
504 3084 548 3142 sic
564 3084 675 3144 lectum
692 3090 754 3156 est,
772 3088 806 3142 ut
818 3084 1030 3157 praeceptoris
1039 3079 1088 3141 tibi

118 3180 180 3223 non
201 3171 285 3224 esset
304 3163 366 3223 ulla
386 3164 551 3226 veneratio‘.
575 3166 620 3226 sic
636 3165 752 3237 evenit,
774 3173 807 3226 ut
821 3165 902 3225 circa
918 3163 1089 3227 consularia

119 3254 270 3321 occupato
286 3249 407 3308 comitia
417 3256 469 3308 aut
479 3249 720 3311 sacerdotiorum
732 3247 895 3310 candidato
907 3256 1089 3324 quaesturae

84 3337 102 3392 3
117 3330 302 3405 suffragator
316 3331 481 3392 excideret.
516 3333 662 3393 Fortasse
676 3333 795 3405 vitium,
815 3333 854 3393 de
867 3348 929 3406 quo
942 3330 1088 3409 quereris,

117 3417 143 3476 si
170 3423 199 3476 te
224 3415 382 3489 diligenter
407 3418 603 3489 excusseris,
630 3417 661 3475 in
689 3417 758 3477 sinu
785 3415 934 3477 invenies.
983 3415 1089 3489 Inique

117 3499 240 3575 publico
258 3499 374 3559 crimini
389 3499 547 3572 irasceris,
568 3500 658 3559 stulte
667 3507 735 3560 tuo:
757 3508 790 3560 ut
801 3499 989 3574 absolvaris,
1007 3500 1089 3574 igno
