<?xml version="1.0" encoding="UTF-8"?>
<!DOCTYPE html PUBLIC "-//W3C//DTD XHTML 1.0 Transitional//EN"
    "http://www.w3.org/TR/xhtml1/DTD/xhtml1-transitional.dtd">
<html xmlns="http://www.w3.org/1999/xhtml" xml:lang="en" lang="en">
 <head>
  <title>
</title>
<meta http-equiv="Content-Type" content="text/html;charset=utf-8" />
  <meta name='ocr-system' content='tesseract 3.04.00' />
  <meta name='ocr-capabilities' content='ocr_page ocr_carea ocr_par ocr_line ocrx_word'/>
</head>
<body>
  <div class='ocr_page' id='page_1' title='image "./lannaeisenecaeo01senegoog_0208.png"; bbox 0 0 2364 3840; ppageno 0'>
   <div class='ocr_carea' id='block_1_1' title="bbox 255 173 1032 249">
    <p class='ocr_par' dir='ltr' id='par_1_1' title="bbox 255 173 1032 249">
     <span class='ocr_line' id='line_1_1' title="bbox 255 173 1032 249; baseline 0.003 -12"><span class='ocrx_word' id='word_1_1' title='bbox 255 175 394 237; x_wconf 75' lang='lat' dir='ltr'>NATUR.</span> <span class='ocrx_word' id='word_1_2' title='bbox 411 174 571 249; x_wconf 79' lang='lat' dir='ltr'>QUAEST.</span> <span class='ocrx_word' id='word_1_3' title='bbox 594 175 666 234; x_wconf 91' lang='lat' dir='ltr'>LlB.</span> <span class='ocrx_word' id='word_1_4' title='bbox 678 175 700 235; x_wconf 90' lang='lat'>1.</span> <span class='ocrx_word' id='word_1_5' title='bbox 722 183 836 237; x_wconf 81' lang='lat'>8—12</span> <span class='ocrx_word' id='word_1_6' title='bbox 971 173 1032 239; x_wconf 84' lang='lat'>175</span> 
     </span>
    </p>
   </div>
   <div class='ocr_carea' id='block_1_2' title="bbox 59 327 1064 3497">
    <p class='ocr_par' dir='ltr' id='par_1_2' title="bbox 60 327 1064 657">
     <span class='ocr_line' id='line_1_2' title="bbox 61 327 1064 392; baseline 0 -1"><span class='ocrx_word' id='word_1_7' title='bbox 61 332 90 391; x_wconf 90' lang='lat' dir='ltr'>in</span> <span class='ocrx_word' id='word_1_8' title='bbox 108 337 226 392; x_wconf 86' lang='lat' dir='ltr'>rectum</span> <span class='ocrx_word' id='word_1_9' title='bbox 247 328 356 389; x_wconf 82' lang='lat' dir='ltr'>iacent</span> <span class='ocrx_word' id='word_1_10' title='bbox 390 328 479 388; x_wconf 88' lang='lat' dir='ltr'>Fiunt</span> <span class='ocrx_word' id='word_1_11' title='bbox 497 333 598 386; x_wconf 90' lang='lat' dir='ltr'>autem</span> <span class='ocrx_word' id='word_1_12' title='bbox 618 327 702 386; x_wconf 84' lang='lat' dir='ltr'>iuxta</span> <span class='ocrx_word' id='word_1_13' title='bbox 716 327 813 387; x_wconf 76' lang='lat' dir='ltr'>solent</span> <span class='ocrx_word' id='word_1_14' title='bbox 829 328 892 386; x_wconf 87' lang='lat' dir='ltr'>tere</span> <span class='ocrx_word' id='word_1_15' title='bbox 906 328 936 385; x_wconf 93' lang='lat' dir='ltr'>in</span> <span class='ocrx_word' id='word_1_16' title='bbox 951 327 1064 392; x_wconf 65' lang='lat' dir='ltr'>nubea</span> 
     </span>
     <span class='ocr_line' id='line_1_3' title="bbox 60 410 1033 487; baseline -0.003 -12"><span class='ocrx_word' id='word_1_17' title='bbox 60 413 188 475; x_wconf 89' lang='lat' dir='ltr'>humida</span> <span class='ocrx_word' id='word_1_18' title='bbox 201 421 232 474; x_wconf 90' lang='lat' dir='ltr'>et</span> <span class='ocrx_word' id='word_1_19' title='bbox 245 412 305 472; x_wconf 91' lang='lat' dir='ltr'>iam</span> <span class='ocrx_word' id='word_1_20' title='bbox 318 428 354 473; x_wconf 92' lang='lat' dir='ltr'>se</span> <span class='ocrx_word' id='word_1_21' title='bbox 368 417 541 486; x_wconf 82' lang='lat' dir='ltr'><strong>spargente.</strong></span> <span class='ocrx_word' id='word_1_22' title='bbox 566 411 668 484; x_wconf 88' lang='lat' dir='ltr'>itaque</span> <span class='ocrx_word' id='word_1_23' title='bbox 683 411 762 468; x_wconf 88' lang='lat' dir='ltr'>idem</span> <span class='ocrx_word' id='word_1_24' title='bbox 778 411 870 469; x_wconf 91' lang='lat' dir='ltr'>estin</span> <span class='ocrx_word' id='word_1_25' title='bbox 886 410 959 485; x_wconf 90' lang='lat' dir='ltr'>illis,</span> <span class='ocrx_word' id='word_1_26' title='bbox 980 414 1033 487; x_wconf 89' lang='lat' dir='ltr'>qui</span> 
     </span>
     <span class='ocr_line' id='line_1_4' title="bbox 60 493 1032 570; baseline -0.001 -13"><span class='ocrx_word' id='word_1_27' title='bbox 60 498 91 558; x_wconf 93' lang='lat' dir='ltr'>in</span> <span class='ocrx_word' id='word_1_28' title='bbox 113 512 189 558; x_wconf 87' lang='lat' dir='ltr'>areu</span> <span class='ocrx_word' id='word_1_29' title='bbox 210 497 309 569; x_wconf 86' lang='lat' dir='ltr'>color,</span> <span class='ocrx_word' id='word_1_30' title='bbox 331 502 444 556; x_wconf 89' lang='lat' dir='ltr'>tantum</span> <span class='ocrx_word' id='word_1_31' title='bbox 458 494 556 569; x_wconf 81' lang='lat' dir='ltr'>figura</span> <span class='ocrx_word' id='word_1_32' title='bbox 571 501 708 567; x_wconf 88' lang='lat' dir='ltr'>mutatur,</span> <span class='ocrx_word' id='word_1_33' title='bbox 730 495 802 569; x_wconf 89' lang='lat' dir='ltr'>quia</span> <span class='ocrx_word' id='word_1_34' title='bbox 816 493 941 553; x_wconf 91' lang='lat' dir='ltr'>nubium</span> <span class='ocrx_word' id='word_1_35' title='bbox 956 512 1032 570; x_wconf 89' lang='lat' dir='ltr'>quo·</span> 
     </span>
     <span class='ocr_line' id='line_1_5' title="bbox 62 577 703 657; baseline -0.008 -16"><span class='ocrx_word' id='word_1_36' title='bbox 62 596 140 657; x_wconf 90' lang='lat' dir='ltr'>que,</span> <span class='ocrx_word' id='word_1_37' title='bbox 162 582 193 640; x_wconf 92' lang='lat' dir='ltr'>in</span> <span class='ocrx_word' id='word_1_38' title='bbox 209 579 320 655; x_wconf 88' lang='lat' dir='ltr'>quibus</span> <span class='ocrx_word' id='word_1_39' title='bbox 335 579 551 650; x_wconf 88' lang='lat' dir='ltr'>extenduntur,</span> <span class='ocrx_word' id='word_1_40' title='bbox 574 577 703 637; x_wconf 82' lang='lat' dir='ltr'>aliaest</span> 
     </span>
    </p>

    <p class='ocr_par' dir='ltr' id='par_1_3' title="bbox 59 660 1032 1323">
     <span class='ocr_line' id='line_1_6' title="bbox 123 660 1032 737; baseline -0.004 -13"><span class='ocrx_word' id='word_1_41' title='bbox 123 664 161 724; x_wconf 89' lang='lat' dir='ltr'>X.</span> <span class='ocrx_word' id='word_1_42' title='bbox 190 663 302 724; x_wconf 89' lang='lat' dir='ltr'>Similis</span> <span class='ocrx_word' id='word_1_43' title='bbox 319 663 450 723; x_wconf 87' lang='lat' dir='ltr'>varietas</span> <span class='ocrx_word' id='word_1_44' title='bbox 465 663 495 721; x_wconf 95' lang='lat' dir='ltr'>in</span> <span class='ocrx_word' id='word_1_45' title='bbox 511 662 633 721; x_wconf 87' lang='lat' dir='ltr'>coronis</span> <span class='ocrx_word' id='word_1_46' title='bbox 648 669 709 732; x_wconf 91' lang='lat' dir='ltr'>est,</span> <span class='ocrx_word' id='word_1_47' title='bbox 733 660 789 720; x_wconf 90' lang='lat' dir='ltr'>sed</span> <span class='ocrx_word' id='word_1_48' title='bbox 806 660 866 720; x_wconf 86' lang='lat' dir='ltr'>hoe</span> <span class='ocrx_word' id='word_1_49' title='bbox 880 660 1032 737; x_wconf 86' lang='lat' dir='ltr'>dill&#39;erunt,</span> 
     </span>
     <span class='ocr_line' id='line_1_7' title="bbox 63 745 1032 824; baseline -0.002 -17"><span class='ocrx_word' id='word_1_50' title='bbox 63 747 148 824; x_wconf 91' lang='lat' dir='ltr'>quod</span> <span class='ocrx_word' id='word_1_51' title='bbox 170 761 303 808; x_wconf 83' lang='lat' dir='ltr'>coronae</span> <span class='ocrx_word' id='word_1_52' title='bbox 320 746 434 820; x_wconf 93' lang='lat' dir='ltr'>ubique</span> <span class='ocrx_word' id='word_1_53' title='bbox 449 745 538 817; x_wconf 87' lang='lat' dir='ltr'>fiunt,</span> <span class='ocrx_word' id='word_1_54' title='bbox 557 745 742 820; x_wconf 82' lang='lat' dir='ltr'>ubicumque</span> <span class='ocrx_word' id='word_1_55' title='bbox 756 745 843 804; x_wconf 90' lang='lat' dir='ltr'>sidus</span> <span class='ocrx_word' id='word_1_56' title='bbox 859 752 921 818; x_wconf 86' lang='lat' dir='ltr'>est,</span> <span class='ocrx_word' id='word_1_57' title='bbox 942 761 1032 806; x_wconf 83' lang='lat' dir='ltr'>araus</span> 
     </span>
     <span class='ocr_line' id='line_1_8' title="bbox 61 829 1031 903; baseline -0.004 -12"><span class='ocrx_word' id='word_1_58' title='bbox 61 848 126 892; x_wconf 91' lang='lat' dir='ltr'>non</span> <span class='ocrx_word' id='word_1_59' title='bbox 146 830 206 891; x_wconf 88' lang='lat' dir='ltr'>nisi</span> <span class='ocrx_word' id='word_1_60' title='bbox 227 838 333 891; x_wconf 86' lang='lat' dir='ltr'>eontra</span> <span class='ocrx_word' id='word_1_61' title='bbox 352 831 464 900; x_wconf 87' lang='lat' dir='ltr'>solem,</span> <span class='ocrx_word' id='word_1_62' title='bbox 492 829 595 903; x_wconf 82' lang='lat' dir='ltr'>virgae</span> <span class='ocrx_word' id='word_1_63' title='bbox 616 845 675 889; x_wconf 94' lang='lat' dir='ltr'>non</span> <span class='ocrx_word' id='word_1_64' title='bbox 698 829 755 888; x_wconf 90' lang='lat' dir='ltr'>nisi</span> <span class='ocrx_word' id='word_1_65' title='bbox 775 829 805 887; x_wconf 91' lang='lat' dir='ltr'>in</span> <span class='ocrx_word' id='word_1_66' title='bbox 820 829 932 888; x_wconf 86' lang='lat' dir='ltr'>vicinia</span> <span class='ocrx_word' id='word_1_67' title='bbox 946 830 1031 889; x_wconf 89' lang='lat' dir='ltr'>solis.</span> 
     </span>
     <span class='ocr_line' id='line_1_9' title="bbox 60 912 1032 976; baseline -0.001 -2"><span class='ocrx_word' id='word_1_68' title='bbox 60 915 194 976; x_wconf 87' lang='lat' dir='ltr'>Possum</span> <span class='ocrx_word' id='word_1_69' title='bbox 205 923 234 975; x_wconf 89' lang='lat' dir='ltr'>et</span> <span class='ocrx_word' id='word_1_70' title='bbox 248 914 307 975; x_wconf 85' lang='lat' dir='ltr'>hoe</span> <span class='ocrx_word' id='word_1_71' title='bbox 319 913 411 974; x_wconf 89' lang='lat' dir='ltr'>modo</span> <span class='ocrx_word' id='word_1_72' title='bbox 424 912 621 973; x_wconf 81' lang='lat' dir='ltr'>differentiam</span> <span class='ocrx_word' id='word_1_73' title='bbox 634 913 766 973; x_wconf 86' lang='lat' dir='ltr'>omniurn</span> <span class='ocrx_word' id='word_1_74' title='bbox 777 913 922 973; x_wconf 80' lang='lat' dir='ltr'><strong>reddere:</strong></span> <span class='ocrx_word' id='word_1_75' title='bbox 944 929 1032 973; x_wconf 87' lang='lat' dir='ltr'>coro·</span> 
     </span>
     <span class='ocr_line' id='line_1_10' title="bbox 60 995 1028 1070; baseline -0.003 -11"><span class='ocrx_word' id='word_1_76' title='bbox 60 1015 132 1059; x_wconf 86' lang='lat' dir='ltr'>narn</span> <span class='ocrx_word' id='word_1_77' title='bbox 147 997 175 1058; x_wconf 93' lang='lat' dir='ltr'>si</span> <span class='ocrx_word' id='word_1_78' title='bbox 189 997 345 1069; x_wconf 86' lang='lat' dir='ltr'>diviseris,</span> <span class='ocrx_word' id='word_1_79' title='bbox 368 1012 458 1056; x_wconf 86' lang='lat' dir='ltr'>arcus</span> <span class='ocrx_word' id='word_1_80' title='bbox 472 995 542 1069; x_wconf 92' lang='lat' dir='ltr'>erit,</span> <span class='ocrx_word' id='word_1_81' title='bbox 559 997 585 1055; x_wconf 92' lang='lat' dir='ltr'>si</span> <span class='ocrx_word' id='word_1_82' title='bbox 596 996 758 1068; x_wconf 83' lang='lat' dir='ltr'>direxeris,</span> <span class='ocrx_word' id='word_1_83' title='bbox 775 995 871 1070; x_wconf 84' lang='lat' dir='ltr'>virga.</span> <span class='ocrx_word' id='word_1_84' title='bbox 892 999 1028 1057; x_wconf 90' lang='lat' dir='ltr'>inomni·</span> 
     </span>
     <span class='ocr_line' id='line_1_11' title="bbox 61 1080 1030 1155; baseline -0.004 -13"><span class='ocrx_word' id='word_1_85' title='bbox 61 1083 122 1143; x_wconf 91' lang='lat' dir='ltr'>bus</span> <span class='ocrx_word' id='word_1_86' title='bbox 144 1083 230 1143; x_wconf 81' lang='lat' dir='ltr'>color</span> <span class='ocrx_word' id='word_1_87' title='bbox 248 1081 406 1154; x_wconf 82' lang='lat' dir='ltr'>multiplex</span> <span class='ocrx_word' id='word_1_88' title='bbox 426 1087 489 1154; x_wconf 94' lang='grc' dir='ltr'><strong>εει,</strong></span> <span class='ocrx_word' id='word_1_89' title='bbox 517 1095 556 1139; x_wconf 90' lang='lat' dir='ltr'>ex</span> <span class='ocrx_word' id='word_1_90' title='bbox 581 1080 721 1139; x_wconf 86' lang='lat' dir='ltr'>caeruleo</span> <span class='ocrx_word' id='word_1_91' title='bbox 746 1081 892 1155; x_wconf 83' lang='lat' dir='ltr'>fulvoque</span> <span class='ocrx_word' id='word_1_92' title='bbox 918 1081 1030 1141; x_wconf 81' lang='lat' dir='ltr'>rarius.</span> 
     </span>
     <span class='ocr_line' id='line_1_12' title="bbox 59 1163 1030 1240; baseline 0.001 -16"><span class='ocrx_word' id='word_1_93' title='bbox 59 1167 167 1240; x_wconf 81' lang='lat' dir='ltr'>virgae</span> <span class='ocrx_word' id='word_1_94' title='bbox 188 1165 245 1226; x_wconf 88' lang='lat' dir='ltr'>soli</span> <span class='ocrx_word' id='word_1_95' title='bbox 267 1172 380 1224; x_wconf 88' lang='lat' dir='ltr'>tantum</span> <span class='ocrx_word' id='word_1_96' title='bbox 400 1164 560 1233; x_wconf 87' lang='lat' dir='ltr'>adiacent,</span> <span class='ocrx_word' id='word_1_97' title='bbox 589 1177 678 1222; x_wconf 80' lang='lat' dir='ltr'>araus</span> <span class='ocrx_word' id='word_1_98' title='bbox 704 1163 822 1222; x_wconf 87' lang='lat' dir='ltr'>solares</span> <span class='ocrx_word' id='word_1_99' title='bbox 847 1165 1030 1239; x_wconf 83' lang='lat' dir='ltr'>lunaresque</span> 
     </span>
     <span class='ocr_line' id='line_1_13' title="bbox 60 1247 609 1323; baseline -0.013 -13"><span class='ocrx_word' id='word_1_100' title='bbox 60 1256 148 1323; x_wconf 87' lang='lat' dir='ltr'>sunt,</span> <span class='ocrx_word' id='word_1_101' title='bbox 171 1263 304 1309; x_wconf 82' lang='lat' dir='ltr'>coronae</span> <span class='ocrx_word' id='word_1_102' title='bbox 318 1247 449 1307; x_wconf 91' lang='lat' dir='ltr'>omnium</span> <span class='ocrx_word' id='word_1_103' title='bbox 466 1248 609 1307; x_wconf 90' lang='lat' dir='ltr'>siderum.</span> 
     </span>
    </p>

    <p class='ocr_par' dir='ltr' id='par_1_4' title="bbox 59 1329 1063 2409">
     <span class='ocr_line' id='line_1_14' title="bbox 123 1329 1061 1406; baseline -0.005 -13"><span class='ocrx_word' id='word_1_104' title='bbox 123 1333 174 1394; x_wconf 87' lang='lat' dir='ltr'>XI.</span> <span class='ocrx_word' id='word_1_105' title='bbox 195 1329 311 1392; x_wconf 88' lang='lat' dir='ltr'>Aliud</span> <span class='ocrx_word' id='word_1_106' title='bbox 333 1347 486 1406; x_wconf 90' lang='lat' dir='ltr'>quoque</span> <span class='ocrx_word' id='word_1_107' title='bbox 505 1331 700 1404; x_wconf 81' lang='lat' dir='ltr'>virgarum</span> <span class='ocrx_word' id='word_1_108' title='bbox 717 1344 839 1404; x_wconf 84' lang='lat' dir='ltr'>genus</span> <span class='ocrx_word' id='word_1_109' title='bbox 854 1330 1061 1404; x_wconf 84' lang='lat' dir='ltr'>adparet,1</span> 
     </span>
     <span class='ocr_line' id='line_1_15' title="bbox 61 1413 1032 1489; baseline -0.002 -13"><span class='ocrx_word' id='word_1_110' title='bbox 61 1433 132 1477; x_wconf 88' lang='lat' dir='ltr'>eum</span> <span class='ocrx_word' id='word_1_111' title='bbox 151 1416 229 1476; x_wconf 92' lang='lat' dir='ltr'>radii</span> <span class='ocrx_word' id='word_1_112' title='bbox 249 1421 446 1489; x_wconf 79' lang='lat' dir='ltr'>perangusta</span> <span class='ocrx_word' id='word_1_113' title='bbox 460 1413 607 1474; x_wconf 80' lang='lat' dir='ltr'>foramina</span> <span class='ocrx_word' id='word_1_114' title='bbox 622 1413 744 1473; x_wconf 88' lang='lat' dir='ltr'>nubium</span> <span class='ocrx_word' id='word_1_115' title='bbox 759 1421 867 1474; x_wconf 90' lang='lat' dir='ltr'>tenues</span> <span class='ocrx_word' id='word_1_116' title='bbox 882 1421 913 1472; x_wconf 91' lang='lat' dir='ltr'>et</span> <span class='ocrx_word' id='word_1_117' title='bbox 927 1414 1032 1474; x_wconf 93' lang='lat' dir='ltr'>intenti</span> 
     </span>
     <span class='ocr_line' id='line_1_16' title="bbox 60 1497 1032 1573; baseline -0.004 -13"><span class='ocrx_word' id='word_1_118' title='bbox 60 1501 273 1573; x_wconf 85' lang='lat' dir='ltr'>distantesque</span> <span class='ocrx_word' id='word_1_119' title='bbox 294 1499 371 1558; x_wconf 91' lang='lat' dir='ltr'>inter</span> <span class='ocrx_word' id='word_1_120' title='bbox 391 1513 426 1558; x_wconf 90' lang='lat' dir='ltr'>se</span> <span class='ocrx_word' id='word_1_121' title='bbox 446 1497 622 1571; x_wconf 78' lang='lat' dir='ltr'>diriguntur.</span> <span class='ocrx_word' id='word_1_122' title='bbox 653 1507 684 1557; x_wconf 91' lang='lat' dir='ltr'>et</span> <span class='ocrx_word' id='word_1_123' title='bbox 703 1498 763 1571; x_wconf 88' lang='lat' dir='ltr'>ipsi</span> <span class='ocrx_word' id='word_1_124' title='bbox 782 1499 872 1573; x_wconf 82' lang='lat' dir='ltr'>signa</span> <span class='ocrx_word' id='word_1_125' title='bbox 892 1497 1032 1558; x_wconf 81' lang='lat' dir='ltr'>imbrium</span> 
     </span>
     <span class='ocr_line' id='line_1_17' title="bbox 61 1580 1031 1657; baseline -0.003 -13"><span class='ocrx_word' id='word_1_126' title='bbox 61 1590 142 1657; x_wconf 84' lang='lat' dir='ltr'>sunt.</span> <span class='ocrx_word' id='word_1_127' title='bbox 180 1582 338 1657; x_wconf 80' lang='lat' dir='ltr'>Quomodo</span> <span class='ocrx_word' id='word_1_128' title='bbox 352 1597 432 1640; x_wconf 92' lang='lat' dir='ltr'>nune</span> <span class='ocrx_word' id='word_1_129' title='bbox 442 1597 491 1640; x_wconf 91' lang='lat' dir='ltr'>me</span> <span class='ocrx_word' id='word_1_130' title='bbox 502 1580 561 1641; x_wconf 85' lang='lat' dir='ltr'>hoe</span> <span class='ocrx_word' id='word_1_131' title='bbox 572 1584 640 1642; x_wconf 87' lang='lat' dir='ltr'>loco</span> <span class='ocrx_word' id='word_1_132' title='bbox 652 1589 776 1655; x_wconf 67' lang='lat' dir='ltr'>geram?</span> <span class='ocrx_word' id='word_1_133' title='bbox 799 1581 871 1656; x_wconf 92' lang='lat' dir='ltr'>quid</span> <span class='ocrx_word' id='word_1_134' title='bbox 884 1587 962 1654; x_wconf 90' lang='lat' dir='ltr'>[eas]</span> <span class='ocrx_word' id='word_1_135' title='bbox 977 1598 1031 1641; x_wconf 81' lang='lat' dir='ltr'>ro·</span> 
     </span>
     <span class='ocr_line' id='line_1_18' title="bbox 63 1665 1063 1739; baseline 0.001 -12"><span class='ocrx_word' id='word_1_136' title='bbox 63 1672 153 1727; x_wconf 84' lang='lat' dir='ltr'>eeml</span> <span class='ocrx_word' id='word_1_137' title='bbox 178 1665 325 1739; x_wconf 81' lang='lat' dir='ltr'>imagines</span> <span class='ocrx_word' id='word_1_138' title='bbox 345 1666 442 1724; x_wconf 79' lang='lat' dir='ltr'>solist</span> <span class='ocrx_word' id='word_1_139' title='bbox 474 1665 616 1725; x_wconf 88' lang='lat' dir='ltr'>Historiei</span> <span class='ocrx_word' id='word_1_140' title='bbox 638 1667 745 1725; x_wconf 88' lang='lat' dir='ltr'>soles</span> <span class='ocrx_word' id='word_1_141' title='bbox 766 1673 876 1726; x_wconf 83' lang='lat' dir='ltr'>vocant</span> <span class='ocrx_word' id='word_1_142' title='bbox 894 1673 924 1725; x_wconf 90' lang='lat' dir='ltr'>et</span> <span class='ocrx_word' id='word_1_143' title='bbox 941 1665 1063 1728; x_wconf 79' lang='lat' dir='ltr'>binos2</span> 
     </span>
     <span class='ocr_line' id='line_1_19' title="bbox 60 1749 1028 1824; baseline -0.002 -13"><span class='ocrx_word' id='word_1_144' title='bbox 60 1757 232 1824; x_wconf 86' lang='lat' dir='ltr'>ternosque</span> <span class='ocrx_word' id='word_1_145' title='bbox 243 1749 423 1824; x_wconf 90' lang='lat' dir='ltr'>adparuisse</span> <span class='ocrx_word' id='word_1_146' title='bbox 434 1749 595 1807; x_wconf 86' lang='lat' dir='ltr'>memoriae</span> <span class='ocrx_word' id='word_1_147' title='bbox 607 1750 736 1808; x_wconf 88' lang='lat' dir='ltr'>tradunt.</span> <span class='ocrx_word' id='word_1_148' title='bbox 765 1750 872 1809; x_wconf 84' lang='lat' dir='ltr'>Graeci</span> <span class='ocrx_word' id='word_1_149' title='bbox 891 1751 1028 1824; x_wconf 86' lang='lat' dir='ltr'>parhe-</span> 
     </span>
     <span class='ocr_line' id='line_1_20' title="bbox 59 1831 1043 1909; baseline -0.002 -16"><span class='ocrx_word' id='word_1_150' title='bbox 59 1833 115 1893; x_wconf 86' lang='lat' dir='ltr'>lia</span> <span class='ocrx_word' id='word_1_151' title='bbox 142 1831 310 1909; x_wconf 89' lang='lat' dir='ltr'>adpellant,</span> <span class='ocrx_word' id='word_1_152' title='bbox 337 1832 408 1906; x_wconf 87' lang='lat' dir='ltr'>quia</span> <span class='ocrx_word' id='word_1_153' title='bbox 427 1832 457 1890; x_wconf 94' lang='lat' dir='ltr'>in</span> <span class='ocrx_word' id='word_1_154' title='bbox 479 1831 653 1905; x_wconf 89' lang='lat' dir='ltr'>propinquo</span> <span class='ocrx_word' id='word_1_155' title='bbox 676 1832 739 1890; x_wconf 90' lang='lat' dir='ltr'>iere</span> <span class='ocrx_word' id='word_1_156' title='bbox 758 1849 778 1891; x_wconf 86' lang='lat' dir='ltr'>a</span> <span class='ocrx_word' id='word_1_157' title='bbox 797 1834 864 1892; x_wconf 91' lang='lat' dir='ltr'>sole</span> <span class='ocrx_word' id='word_1_158' title='bbox 882 1835 1043 1906; x_wconf 77' lang='lat' dir='ltr'>visuntur,-</span> 
     </span>
     <span class='ocr_line' id='line_1_21' title="bbox 63 1914 1030 1993; baseline -0.003 -14"><span class='ocrx_word' id='word_1_159' title='bbox 63 1923 116 1979; x_wconf 86' lang='lat' dir='ltr'>aut</span> <span class='ocrx_word' id='word_1_160' title='bbox 139 1916 212 1993; x_wconf 87' lang='lat' dir='ltr'>quia</span> <span class='ocrx_word' id='word_1_161' title='bbox 232 1916 381 1976; x_wconf 83' lang='lat' dir='ltr'>accedunt</span> <span class='ocrx_word' id='word_1_162' title='bbox 402 1917 442 1974; x_wconf 90' lang='lat' dir='ltr'>ad</span> <span class='ocrx_word' id='word_1_163' title='bbox 455 1915 588 1989; x_wconf 90' lang='lat' dir='ltr'>aliquam</span> <span class='ocrx_word' id='word_1_164' title='bbox 610 1914 834 1974; x_wconf 88' lang='lat' dir='ltr'>similitudinem</span> <span class='ocrx_word' id='word_1_165' title='bbox 851 1917 946 1974; x_wconf 83' lang='lat' dir='ltr'>solis:</span> <span class='ocrx_word' id='word_1_166' title='bbox 969 1933 1030 1976; x_wconf 91' lang='lat' dir='ltr'>non</span> 
     </span>
     <span class='ocr_line' id='line_1_22' title="bbox 62 1998 1031 2073; baseline -0.003 -12"><span class='ocrx_word' id='word_1_167' title='bbox 62 2001 142 2061; x_wconf 88' lang='lat' dir='ltr'>enim</span> <span class='ocrx_word' id='word_1_168' title='bbox 168 2006 263 2060; x_wconf 88' lang='lat' dir='ltr'>totum</span> <span class='ocrx_word' id='word_1_169' title='bbox 286 1998 451 2071; x_wconf 91' lang='lat' dir='ltr'>imitantur,</span> <span class='ocrx_word' id='word_1_170' title='bbox 481 1998 538 2058; x_wconf 87' lang='lat' dir='ltr'>sed</span> <span class='ocrx_word' id='word_1_171' title='bbox 562 1998 721 2072; x_wconf 82' lang='lat' dir='ltr'>imaginem</span> <span class='ocrx_word' id='word_1_172' title='bbox 742 1998 809 2058; x_wconf 86' lang='lat' dir='ltr'>eius</span> <span class='ocrx_word' id='word_1_173' title='bbox 831 1999 1031 2073; x_wconf 82' lang='lat' dir='ltr'>figuramque.</span> 
     </span>
     <span class='ocr_line' id='line_1_23' title="bbox 64 2081 1030 2157; baseline -0.001 -13"><span class='ocrx_word' id='word_1_174' title='bbox 64 2090 199 2144; x_wconf 84' lang='lat' dir='ltr'>ceterum</span> <span class='ocrx_word' id='word_1_175' title='bbox 220 2081 292 2142; x_wconf 91' lang='lat' dir='ltr'>nihil</span> <span class='ocrx_word' id='word_1_176' title='bbox 311 2082 424 2143; x_wconf 91' lang='lat' dir='ltr'>habent</span> <span class='ocrx_word' id='word_1_177' title='bbox 444 2082 578 2156; x_wconf 90' lang='lat' dir='ltr'>ardoris,</span> <span class='ocrx_word' id='word_1_178' title='bbox 601 2082 727 2141; x_wconf 77' lang='lat' dir='ltr'>hebetes</span> <span class='ocrx_word' id='word_1_179' title='bbox 746 2098 782 2142; x_wconf 88' lang='lat' dir='ltr'>ae</span> <span class='ocrx_word' id='word_1_180' title='bbox 797 2082 940 2157; x_wconf 82' lang='lat' dir='ltr'>languidi.</span> <span class='ocrx_word' id='word_1_181' title='bbox 975 2083 1030 2143; x_wconf 90' lang='lat' dir='ltr'>His</span> 
     </span>
     <span class='ocr_line' id='line_1_24' title="bbox 63 2165 1030 2242; baseline -0.001 -15"><span class='ocrx_word' id='word_1_182' title='bbox 63 2167 149 2242; x_wconf 88' lang='lat' dir='ltr'>quod</span> <span class='ocrx_word' id='word_1_183' title='bbox 169 2181 278 2226; x_wconf 91' lang='lat' dir='ltr'>nomen</span> <span class='ocrx_word' id='word_1_184' title='bbox 297 2166 491 2240; x_wconf 71' lang='lat' dir='ltr'>inponimus?</span> <span class='ocrx_word' id='word_1_185' title='bbox 518 2183 556 2226; x_wconf 90' lang='lat' dir='ltr'>an</span> <span class='ocrx_word' id='word_1_186' title='bbox 578 2166 656 2226; x_wconf 88' lang='lat' dir='ltr'>laeia</span> <span class='ocrx_word' id='word_1_187' title='bbox 678 2165 762 2240; x_wconf 90' lang='lat' dir='ltr'>quod</span> <span class='ocrx_word' id='word_1_188' title='bbox 782 2167 949 2242; x_wconf 80' lang='lat' dir='ltr'>Vergilius,</span> <span class='ocrx_word' id='word_1_189' title='bbox 978 2167 1030 2241; x_wconf 93' lang='lat' dir='ltr'>qui</span> 
     </span>
     <span class='ocr_line' id='line_1_25' title="bbox 61 2248 1030 2326; baseline 0.002 -16"><span class='ocrx_word' id='word_1_190' title='bbox 61 2248 211 2310; x_wconf 88' lang='lat' dir='ltr'>dubitavit</span> <span class='ocrx_word' id='word_1_191' title='bbox 227 2249 266 2308; x_wconf 88' lang='lat' dir='ltr'>de</span> <span class='ocrx_word' id='word_1_192' title='bbox 282 2250 418 2323; x_wconf 92' lang='lat' dir='ltr'>nomine,</span> <span class='ocrx_word' id='word_1_193' title='bbox 441 2250 550 2309; x_wconf 86' lang='lat' dir='ltr'>deinde</span> <span class='ocrx_word' id='word_1_194' title='bbox 571 2251 617 2323; x_wconf 93' lang='lat' dir='ltr'>id,</span> <span class='ocrx_word' id='word_1_195' title='bbox 639 2250 756 2325; x_wconf 90' lang='lat' dir='ltr'>dequo</span> <span class='ocrx_word' id='word_1_196' title='bbox 775 2250 939 2325; x_wconf 85' lang='lat' dir='ltr'>dubitarat,</span> <span class='ocrx_word' id='word_1_197' title='bbox 960 2268 1030 2326; x_wconf 90' lang='lat' dir='ltr'>pro·</span> 
     </span>
     <span class='ocr_line' id='line_1_26' title="bbox 63 2333 190 2409; baseline -0.024 -15"><span class='ocrx_word' id='word_1_198' title='bbox 63 2333 190 2409; x_wconf 83' lang='lat' dir='ltr'>posuitt</span> 
     </span>
    </p>

    <p class='ocr_par' dir='ltr' id='par_1_5' title="bbox 168 2419 896 2562">
     <span class='ocr_line' id='line_1_27' title="bbox 345 2419 730 2490; baseline 0.01 -15"><span class='ocrx_word' id='word_1_199' title='bbox 345 2423 374 2475; x_wconf 90' lang='lat' dir='ltr'>et</span> <span class='ocrx_word' id='word_1_200' title='bbox 387 2433 443 2490; x_wconf 85' lang='lat' dir='ltr'>qno</span> <span class='ocrx_word' id='word_1_201' title='bbox 456 2421 610 2477; x_wconf 72' lang='lat' dir='ltr'>tendantne</span> <span class='ocrx_word' id='word_1_202' title='bbox 624 2419 730 2490; x_wconf 82' lang='lat' dir='ltr'>dicam,</span> 
     </span>
     <span class='ocr_line' id='line_1_28' title="bbox 168 2495 896 2562; baseline 0.003 -4"><span class='ocrx_word' id='word_1_203' title='bbox 168 2495 335 2560; x_wconf 76' lang='lat' dir='ltr'>Rhaetica?</span> <span class='ocrx_word' id='word_1_204' title='bbox 355 2516 410 2560; x_wconf 83' lang='lat' dir='ltr'>nec</span> <span class='ocrx_word' id='word_1_205' title='bbox 422 2502 502 2561; x_wconf 64' lang='lat' dir='ltr'>cellas</span> <span class='ocrx_word' id='word_1_206' title='bbox 515 2500 580 2561; x_wconf 80' lang='lat' dir='ltr'>ideo</span> <span class='ocrx_word' id='word_1_207' title='bbox 593 2504 734 2562; x_wconf 82' lang='lat' dir='ltr'>contende</span> <span class='ocrx_word' id='word_1_208' title='bbox 748 2503 896 2561; x_wconf 79' lang='lat' dir='ltr'>Falernis.</span> 
     </span>
    </p>

    <p class='ocr_par' dir='ltr' id='par_1_6' title="bbox 62 2581 1063 3326">
     <span class='ocr_line' id='line_1_29' title="bbox 62 2581 1063 2658; baseline 0.004 -14"><span class='ocrx_word' id='word_1_209' title='bbox 62 2582 136 2644; x_wconf 91' lang='lat' dir='ltr'>nihil</span> <span class='ocrx_word' id='word_1_210' title='bbox 156 2596 230 2656; x_wconf 81' lang='lat' dir='ltr'>ergo</span> <span class='ocrx_word' id='word_1_211' title='bbox 251 2581 390 2656; x_wconf 88' lang='lat' dir='ltr'>prohibet</span> <span class='ocrx_word' id='word_1_212' title='bbox 403 2584 470 2643; x_wconf 92' lang='lat' dir='ltr'>illas</span> <span class='ocrx_word' id='word_1_213' title='bbox 494 2583 668 2658; x_wconf 90' lang='lat' dir='ltr'>parhelia</span> <span class='ocrx_word' id='word_1_214' title='bbox 688 2585 802 2643; x_wconf 88' lang='lat' dir='ltr'>vocari.</span> <span class='ocrx_word' id='word_1_215' title='bbox 840 2584 918 2644; x_wconf 91' lang='lat' dir='ltr'>Sunt</span> <span class='ocrx_word' id='word_1_216' title='bbox 931 2591 1063 2648; x_wconf 75' lang='lat' dir='ltr'>autema</span> 
     </span>
     <span class='ocr_line' id='line_1_30' title="bbox 62 2665 1030 2743; baseline -0.001 -16"><span class='ocrx_word' id='word_1_217' title='bbox 62 2665 212 2742; x_wconf 81' lang='lat' dir='ltr'>imagines</span> <span class='ocrx_word' id='word_1_218' title='bbox 228 2666 302 2725; x_wconf 90' lang='lat' dir='ltr'>solis</span> <span class='ocrx_word' id='word_1_219' title='bbox 317 2665 346 2725; x_wconf 92' lang='lat' dir='ltr'>in</span> <span class='ocrx_word' id='word_1_220' title='bbox 362 2667 442 2727; x_wconf 92' lang='lat' dir='ltr'>nube</span> <span class='ocrx_word' id='word_1_221' title='bbox 457 2669 558 2742; x_wconf 91' lang='lat' dir='ltr'>spissa</span> <span class='ocrx_word' id='word_1_222' title='bbox 573 2674 603 2727; x_wconf 89' lang='grc' dir='ltr'><strong>ει</strong></span> <span class='ocrx_word' id='word_1_223' title='bbox 616 2668 715 2726; x_wconf 85' lang='lat' dir='ltr'>vicina</span> <span class='ocrx_word' id='word_1_224' title='bbox 726 2666 755 2725; x_wconf 94' lang='lat' dir='ltr'>in</span> <span class='ocrx_word' id='word_1_225' title='bbox 768 2669 891 2727; x_wconf 86' lang='lat' dir='ltr'>modurn</span> <span class='ocrx_word' id='word_1_226' title='bbox 904 2669 1030 2743; x_wconf 82' lang='lat' dir='ltr'>speculi.</span> 
     </span>
     <span class='ocr_line' id='line_1_31' title="bbox 65 2748 1029 2827; baseline 0.001 -16"><span class='ocrx_word' id='word_1_227' title='bbox 65 2750 190 2825; x_wconf 90' lang='lat' dir='ltr'>quidam</span> <span class='ocrx_word' id='word_1_228' title='bbox 208 2748 362 2824; x_wconf 84' lang='lat' dir='ltr'>parhelion</span> <span class='ocrx_word' id='word_1_229' title='bbox 383 2751 423 2810; x_wconf 90' lang='lat' dir='ltr'>ita</span> <span class='ocrx_word' id='word_1_230' title='bbox 438 2751 597 2811; x_wconf 88' lang='lat' dir='ltr'>deliniunt:</span> <span class='ocrx_word' id='word_1_231' title='bbox 619 2751 716 2810; x_wconf 87' lang='lat' dir='ltr'>nubes</span> <span class='ocrx_word' id='word_1_232' title='bbox 737 2752 868 2810; x_wconf 90' lang='lat' dir='ltr'>rotunda</span> <span class='ocrx_word' id='word_1_233' title='bbox 882 2759 912 2811; x_wconf 90' lang='grc' dir='ltr'><strong>ει</strong></span> <span class='ocrx_word' id='word_1_234' title='bbox 929 2753 1029 2827; x_wconf 90' lang='lat' dir='ltr'>spien-</span> 
     </span>
     <span class='ocr_line' id='line_1_32' title="bbox 64 2831 1030 2911; baseline 0.003 -18"><span class='ocrx_word' id='word_1_235' title='bbox 64 2833 136 2893; x_wconf 90' lang='lat' dir='ltr'>dida</span> <span class='ocrx_word' id='word_1_236' title='bbox 151 2831 319 2907; x_wconf 88' lang='lat' dir='ltr'>similisque</span> <span class='ocrx_word' id='word_1_237' title='bbox 334 2835 400 2894; x_wconf 91' lang='lat' dir='ltr'>soli.</span> <span class='ocrx_word' id='word_1_238' title='bbox 423 2834 560 2909; x_wconf 88' lang='lat' dir='ltr'>sequitur</span> <span class='ocrx_word' id='word_1_239' title='bbox 575 2835 653 2893; x_wconf 86' lang='lat' dir='ltr'>enirn</span> <span class='ocrx_word' id='word_1_240' title='bbox 668 2834 749 2893; x_wconf 89' lang='lat' dir='ltr'>illum</span> <span class='ocrx_word' id='word_1_241' title='bbox 766 2850 822 2894; x_wconf 90' lang='lat' dir='ltr'>nee</span> <span class='ocrx_word' id='word_1_242' title='bbox 835 2853 955 2911; x_wconf 90' lang='lat' dir='ltr'>umqam</span> <span class='ocrx_word' id='word_1_243' title='bbox 967 2838 1030 2898; x_wconf 93' lang='lat' dir='ltr'>lon·</span> 
     </span>
     <span class='ocr_line' id='line_1_33' title="bbox 63 2916 1029 2996; baseline 0.005 -19"><span class='ocrx_word' id='word_1_244' title='bbox 63 2917 133 2991; x_wconf 79' lang='lat' dir='ltr'>gius</span> <span class='ocrx_word' id='word_1_245' title='bbox 153 2916 331 2991; x_wconf 78' lang='lat' dir='ltr'>relinquitur</span> <span class='ocrx_word' id='word_1_246' title='bbox 346 2934 434 2991; x_wconf 90' lang='lat' dir='ltr'>quam</span> <span class='ocrx_word' id='word_1_247' title='bbox 450 2917 518 2990; x_wconf 90' lang='lat' dir='ltr'>luit,</span> <span class='ocrx_word' id='word_1_248' title='bbox 541 2933 608 2978; x_wconf 85' lang='lat' dir='ltr'>eum</span> <span class='ocrx_word' id='word_1_249' title='bbox 626 2918 774 2991; x_wconf 87' lang='lat' dir='ltr'>adparuit.</span> <span class='ocrx_word' id='word_1_250' title='bbox 811 2919 957 2996; x_wconf 87' lang='lat' dir='ltr'>Numquis</span> <span class='ocrx_word' id='word_1_251' title='bbox 976 2938 1029 2982; x_wconf 91' lang='lat' dir='ltr'>no-</span> 
     </span>
     <span class='ocr_line' id='line_1_34' title="bbox 66 2999 1029 3080; baseline 0.006 -20"><span class='ocrx_word' id='word_1_252' title='bbox 66 3009 160 3061; x_wconf 89' lang='lat' dir='ltr'>strum</span> <span class='ocrx_word' id='word_1_253' title='bbox 171 2999 302 3072; x_wconf 90' lang='lat' dir='ltr'>miratur,</span> <span class='ocrx_word' id='word_1_254' title='bbox 319 3001 344 3060; x_wconf 91' lang='lat' dir='ltr'>si</span> <span class='ocrx_word' id='word_1_255' title='bbox 354 3003 428 3062; x_wconf 90' lang='lat' dir='ltr'>solis</span> <span class='ocrx_word' id='word_1_256' title='bbox 441 3002 572 3076; x_wconf 79' lang='lat' dir='ltr'>effigiem</span> <span class='ocrx_word' id='word_1_257' title='bbox 587 3001 615 3059; x_wconf 94' lang='lat' dir='ltr'>in</span> <span class='ocrx_word' id='word_1_258' title='bbox 631 3002 732 3076; x_wconf 88' lang='lat' dir='ltr'>aliquo</span> <span class='ocrx_word' id='word_1_259' title='bbox 747 3003 829 3063; x_wconf 91' lang='lat' dir='ltr'>lonte</span> <span class='ocrx_word' id='word_1_260' title='bbox 843 3013 894 3065; x_wconf 92' lang='lat' dir='ltr'>aut</span> <span class='ocrx_word' id='word_1_261' title='bbox 909 3006 1029 3080; x_wconf 87' lang='lat' dir='ltr'>placido</span> 
     </span>
     <span class='ocr_line' id='line_1_35' title="bbox 66 3081 1030 3160; baseline 0.007 -18"><span class='ocrx_word' id='word_1_262' title='bbox 66 3085 134 3145; x_wconf 86' lang='lat' dir='ltr'>laou</span> <span class='ocrx_word' id='word_1_263' title='bbox 150 3081 245 3142; x_wconf 79' lang='lat' dir='ltr'>vidiat</span> <span class='ocrx_word' id='word_1_264' title='bbox 266 3099 341 3156; x_wconf 90' lang='lat' dir='ltr'>non,</span> <span class='ocrx_word' id='word_1_265' title='bbox 357 3092 390 3145; x_wconf 88' lang='lat' dir='ltr'>ut</span> <span class='ocrx_word' id='word_1_266' title='bbox 400 3093 482 3160; x_wconf 91' lang='lat' dir='ltr'>puto.</span> <span class='ocrx_word' id='word_1_267' title='bbox 506 3085 590 3160; x_wconf 90' lang='lat' dir='ltr'>atqui</span> <span class='ocrx_word' id='word_1_268' title='bbox 605 3094 664 3146; x_wconf 89' lang='lat' dir='ltr'>tam</span> <span class='ocrx_word' id='word_1_269' title='bbox 679 3087 709 3144; x_wconf 91' lang='lat' dir='ltr'>in</span> <span class='ocrx_word' id='word_1_270' title='bbox 724 3089 843 3147; x_wconf 88' lang='lat' dir='ltr'>sublimi</span> <span class='ocrx_word' id='word_1_271' title='bbox 858 3090 952 3148; x_wconf 83' lang='lat' dir='ltr'>iacies</span> <span class='ocrx_word' id='word_1_272' title='bbox 964 3091 1030 3150; x_wconf 89' lang='lat' dir='ltr'>eius</span> 
     </span>
     <span class='ocr_line' id='line_1_36' title="bbox 68 3166 1030 3248; baseline 0.003 -20"><span class='ocrx_word' id='word_1_273' title='bbox 68 3184 158 3242; x_wconf 89' lang='lat' dir='ltr'>quam</span> <span class='ocrx_word' id='word_1_274' title='bbox 174 3166 252 3226; x_wconf 89' lang='lat' dir='ltr'>inter</span> <span class='ocrx_word' id='word_1_275' title='bbox 266 3183 324 3227; x_wconf 91' lang='lat' dir='ltr'>nos</span> <span class='ocrx_word' id='word_1_276' title='bbox 339 3176 439 3242; x_wconf 91' lang='lat' dir='ltr'>potest</span> <span class='ocrx_word' id='word_1_277' title='bbox 453 3170 553 3243; x_wconf 89' lang='lat' dir='ltr'>reddi,</span> <span class='ocrx_word' id='word_1_278' title='bbox 570 3169 597 3230; x_wconf 89' lang='lat' dir='ltr'>si</span> <span class='ocrx_word' id='word_1_279' title='bbox 613 3171 704 3231; x_wconf 90' lang='lat' dir='ltr'>modo</span> <span class='ocrx_word' id='word_1_280' title='bbox 716 3171 827 3232; x_wconf 90' lang='lat' dir='ltr'>idonea</span> <span class='ocrx_word' id='word_1_281' title='bbox 838 3180 886 3232; x_wconf 91' lang='lat' dir='ltr'>est</span> <span class='ocrx_word' id='word_1_282' title='bbox 895 3175 1030 3248; x_wconf 85' lang='lat' dir='ltr'>materia,</span> 
     </span>
     <span class='ocr_line' id='line_1_37' title="bbox 67 3249 277 3326; baseline -0.019 -14"><span class='ocrx_word' id='word_1_283' title='bbox 67 3266 144 3326; x_wconf 88' lang='lat' dir='ltr'>quae</span> <span class='ocrx_word' id='word_1_284' title='bbox 159 3249 277 3309; x_wconf 87' lang='lat' dir='ltr'>reddat.</span> 
     </span>
    </p>

    <p class='ocr_par' dir='ltr' id='par_1_7' title="bbox 66 3332 1062 3497">
     <span class='ocr_line' id='line_1_38' title="bbox 125 3332 1062 3412; baseline 0.006 -18"><span class='ocrx_word' id='word_1_285' title='bbox 125 3333 192 3394; x_wconf 84' lang='lat' dir='ltr'>llll.</span> <span class='ocrx_word' id='word_1_286' title='bbox 222 3332 364 3406; x_wconf 81' lang='lat' dir='ltr'>Quotiens</span> <span class='ocrx_word' id='word_1_287' title='bbox 386 3335 583 3396; x_wconf 86' lang='lat' dir='ltr'>delectionem</span> <span class='ocrx_word' id='word_1_288' title='bbox 606 3339 679 3398; x_wconf 90' lang='lat' dir='ltr'>solis</span> <span class='ocrx_word' id='word_1_289' title='bbox 701 3341 840 3400; x_wconf 89' lang='lat' dir='ltr'>volumus</span> <span class='ocrx_word' id='word_1_290' title='bbox 863 3338 1062 3412; x_wconf 85' lang='lat' dir='ltr'>deprehen-l</span> 
     </span>
     <span class='ocr_line' id='line_1_39' title="bbox 66 3417 1033 3497; baseline 0.003 -20"><span class='ocrx_word' id='word_1_291' title='bbox 66 3417 154 3492; x_wconf 82' lang='lat' dir='ltr'>dere,</span> <span class='ocrx_word' id='word_1_292' title='bbox 177 3417 318 3493; x_wconf 89' lang='lat' dir='ltr'>ponimus</span> <span class='ocrx_word' id='word_1_293' title='bbox 339 3418 457 3493; x_wconf 86' lang='lat' dir='ltr'>pelves,</span> <span class='ocrx_word' id='word_1_294' title='bbox 481 3437 557 3495; x_wconf 90' lang='lat' dir='ltr'>quas</span> <span class='ocrx_word' id='word_1_295' title='bbox 574 3429 624 3482; x_wconf 88' lang='lat' dir='ltr'>aut</span> <span class='ocrx_word' id='word_1_296' title='bbox 638 3424 706 3482; x_wconf 90' lang='lat' dir='ltr'>oleo</span> <span class='ocrx_word' id='word_1_297' title='bbox 722 3431 773 3482; x_wconf 93' lang='lat' dir='ltr'>aut</span> <span class='ocrx_word' id='word_1_298' title='bbox 788 3424 855 3497; x_wconf 87' lang='lat' dir='ltr'>pice</span> <span class='ocrx_word' id='word_1_299' title='bbox 870 3423 1033 3494; x_wconf 84' lang='lat' dir='ltr'>inplernus,</span> 
     </span>
    </p>
   </div>
   <div class='ocr_carea' id='block_1_3' title="bbox 0 0 1188 3840">
    <p class='ocr_par' dir='ltr' id='par_1_8' title="bbox 0 0 1188 3840">
     <span class='ocr_line' id='line_1_40' title="bbox 0 0 1188 3840; baseline 0 0"><span class='ocrx_word' id='word_1_300' title='bbox 0 0 1188 3840; x_wconf 95' lang='lat' dir='ltr'> </span> 
     </span>
    </p>
   </div>
  </div>
 </body>
</html>
