2364 3840
112 208 173 271 loo
401 206 433 264 L.
455 204 602 263 ANNAEI
625 202 801 265 SENECAE

111 362 152 421 ait
173 365 279 435 poeta,
303 363 357 431 [ut]
374 373 411 416 an
427 356 591 416 dissimiles
606 356 728 416 colores
745 354 820 428 sint,
843 356 924 415 scire
938 369 1001 416 non
1018 370 1081 431 pos·

112 443 170 515 sis,
189 441 248 502 nisi
259 457 327 501 oum
340 438 446 516 primis
457 448 594 499 extrema
605 439 780 500 contuleris.
802 453 873 499 nam
887 439 1084 499 commissura

112 528 238 601 decipit:
263 540 362 599 usque
377 539 415 584 eo
427 525 502 583 mira
514 531 578 584 arte
589 531 716 584 naturae
727 521 813 599 quod
824 539 843 582 a
854 523 1008 584 simillimo
1021 538 1085 582 coe

112 613 169 685 pit,
193 612 223 668 in
246 607 449 668 dissimillimo
471 607 591 667 desinit.
620 608 694 683 quid
716 622 791 682 ergo
807 605 876 667 istic
891 606 954 666 duo
970 607 1085 667 colores

112 695 226 754 iaciunt
246 693 323 751 lucis
346 699 439 764 alque
462 691 605 763 umbrae,
634 707 703 750 cum
728 689 995 751 innumerabilium
1015 690 1084 750 ratio

83 776 270 845 51·eddenda
290 776 349 834 sil?
384 774 511 847 Quidam
533 775 574 834 ita
594 776 767 834 existimant
783 790 888 834 arcum
902 773 987 835 fieris
1011 774 1040 833 in
1054 789 1085 834 ea

113 946 151 1003 tis
173 940 293 1015 singula
309 956 381 1002 osse
395 943 537 1016 specula,
560 957 579 1000 a
593 941 721 1016 singulis
737 957 810 1017 ergo
825 941 915 1001 reddi
930 942 1084 1016 imaginem

114 1027 198 1087 solis.
232 1025 344 1084 deinde
369 1027 477 1084 multas
499 1024 663 1100 imagines,
691 1025 782 1085 immo
803 1025 1041 1085 innumerabiles
1060 1030 1085 1082 cl

114 1111 250 1170 devexas
266 1117 296 1169 et
310 1110 339 1168 in
357 1125 507 1184 praeceps
522 1115 629 1169 euntes
645 1109 801 1168 conlundi.
822 1109 928 1183 itaque
944 1116 975 1170 et
989 1124 1083 1170 arcum

84 1201 101 1256 6
114 1210 185 1254 esse
200 1195 360 1254 multarum
375 1195 539 1268 imaginum
554 1192 629 1253 solis
645 1191 854 1254 confusiones.
891 1193 960 1254 Hoc
973 1194 1018 1253 sic
1031 1193 1083 1252 col-

114 1280 222 1353 ligunt:
247 1280 366 1352 pelves,
390 1277 545 1351 inquiunt,
568 1278 648 1336 mille
664 1277 714 1336 die
726 1292 836 1336 sereno
848 1291 932 1350 ponc
944 1284 975 1338 et
986 1290 1082 1337 omnes

113 1361 269 1422 habebunt
288 1363 436 1435 imagines
458 1361 543 1419 solis.
576 1361 606 1419 in
627 1360 755 1434 singulis
776 1360 857 1420 loliis
878 1360 1014 1436 dispone
1030 1360 1081 1419 sin-

113 1448 201 1519 gulas
221 1453 336 1518 guttas:
358 1443 497 1518 singulae
512 1442 667 1503 habebunt
680 1444 843 1518 imaginem
858 1444 946 1504 solis.
975 1451 1006 1504 at
1020 1459 1082 1503 con·

113 1538 159 1588 tra
179 1530 287 1602 ingens
308 1535 447 1602 stagnum
463 1543 524 1586 non
540 1526 669 1602 amplius
684 1527 808 1587 habebit
822 1543 913 1602 quant
930 1527 1083 1603 imaginem

112 1628 214 1672 unam.
245 1617 362 1685 quarel
390 1610 462 1685 quia
482 1612 580 1670 omnis
596 1611 826 1686 circumscripta
846 1611 975 1671 laevitas
990 1619 1022 1672 et
1036 1611 1083 1669 cir·

115 1694 256 1754 cumdata
275 1695 340 1754 suis
360 1694 472 1754 finibus
495 1695 653 1768 speculum
675 1703 732 1754 ost.
763 1697 866 1769 itaque
884 1694 1034 1769 piscinam
1046 1695 1083 1752 in-

113 1778 212 1852 geniis
235 1777 452 1852 magnitudinis
474 1777 592 1837 divide:
620 1778 744 1838 totidem
767 1779 817 1838 illa
837 1777 930 1838 habet
944 1777 1083 1852 imagines

114 1862 203 1935 solis,
220 1870 296 1936 quot
307 1864 392 1922 lacus
405 1861 552 1922 habuerit.
575 1862 714 1935 relinque
725 1862 806 1920 illam
818 1861 897 1920 sicut
908 1861 1084 1921 estdiliusm

114 1947 209 2005 semel
228 1946 281 2005 tibi
301 1945 463 2020 imaginem
484 1946 600 2005 reddet.
635 1945 713 2003 Nihil
734 1945 828 2006 reierl
848 1959 942 2020 quam
962 1944 1084 2021 exiguus

114 2031 153 2089 sit
175 2029 284 2089 humor
303 2037 356 2088 aul
377 2032 471 2089 lacus.
501 2029 527 2087 si
543 2029 759 2088 determinatus
776 2037 836 2102 ost,
861 2029 1023 2103 speculum
1036 2033 1085 2088 est.

114 2128 187 2186 ergo
204 2113 355 2174 stillicidia
372 2113 422 2171 illa
437 2111 568 2184 infinita,
585 2127 665 2186 quae
680 2112 775 2172 imber
787 2112 903 2171 cadens
917 2112 1031 2186 defert,
1046 2118 1086 2171 to-

114 2196 206 2254 tidem
221 2195 349 2267 specula
363 2203 448 2266 sunt,
472 2195 596 2254 totidem
608 2195 684 2255 solis
696 2194 927 2256 lacieshabenl.
949 2195 1010 2256 hae
1021 2211 1086 2256 oon·

114 2286 160 2337 tra
183 2276 308 2336 intuenti
330 2278 523 2351 perturbatae
544 2279 693 2352 adparent
712 2293 769 2337 nec
785 2278 990 2353 dispiciuntur
1003 2280 1088 2339 inter-

113 2361 207 2430 valla,
226 2359 337 2435 quibus
349 2361 487 2436 singulae
498 2363 624 2435 distant,
643 2362 744 2437 spatio
756 2361 938 2437 prohibente
950 2362 1088 2423 discerni.

114 2442 232 2504 Deinde
254 2462 308 2520 pro
331 2446 459 2519 singulis
480 2447 609 2521 adparet
622 2462 684 2506 una
698 2445 794 2505 iacies
808 2445 930 2506 turbata
943 2461 983 2504 ex
999 2446 1089 2507 omni·

85 2528 179 2592 ibus.
221 2530 404 2589 Aristoteles
427 2531 508 2589 idem
529 2530 657 2590 iudicat:
686 2530 746 2603 „ab
768 2529 865 2603 omni,
893 2529 1007 2604 inquil,
1032 2531 1089 2589 lae·

113 2611 207 2672 vitale
222 2614 305 2673 acies
321 2615 426 2674 radios
439 2630 513 2674 suos
526 2613 661 2688 replicat.
684 2611 758 2672 nihil
771 2619 870 2672 autem
881 2614 1002 2675 laevius
1012 2628 1090 2688 aqua

114 2705 144 2754 et
166 2700 247 2755 abre.
279 2713 353 2771 ergo
374 2699 463 2758 elium
485 2698 522 2757 ab
545 2700 617 2758 aere
638 2697 743 2772 spisso
761 2696 848 2757 visus
867 2703 976 2758 noster
989 2696 1020 2756 in
1035 2712 1089 2756 nos

113 2780 201 2838 redit.
241 2780 296 2839 Ubi
310 2798 385 2841 vero
402 2783 485 2841 acies
501 2781 596 2840 hebes
609 2789 639 2841 el
653 2780 772 2840 infirma
786 2787 848 2853 est,
865 2781 1004 2856 quolibet
1015 2780 1090 2840 aeris

114 2863 175 2921 ictu
191 2862 321 2922 deliciet.
351 2865 473 2939 quidam
492 2865 551 2925 hoc
566 2880 679 2938 genere
695 2864 869 2925 valitudinis
884 2864 1040 2936 laborant,
1062 2869 1091 2922 ut

113 2945 174 3017 ipsi
196 2945 254 3003 sibi
270 2946 429 3007 videantur
450 2956 627 3023 occurrere,
650 2956 683 3008 ul
699 2948 814 3023 ubique
828 2948 992 3023 imaginem
1007 2963 1091 3008 suam

115 3034 248 3087 cernant.
280 3038 396 3102 quarel
428 3033 499 3106 quia
520 3031 638 3093 infirma
658 3033 704 3092 vis
726 3033 884 3092 oculorum
907 3048 970 3092 non
992 3035 1092 3107 potest

115 3126 314 3185 perrumpere
330 3129 368 3172 ne
384 3114 441 3172 sibi
456 3115 580 3188 quidem
596 3116 766 3190 proxImum
778 3117 863 3190 adra,
879 3116 937 3176 sed
948 3115 1091 3176 resislil.“

85 3195 220 3267 sitaque
237 3195 320 3268 quod
335 3196 365 3254 in
382 3195 449 3256 aliis
464 3198 558 3258 elficit
571 3198 688 3259 densus
705 3215 771 3272 aer,
794 3198 825 3259 in
840 3199 889 3260 his
901 3198 1090 3261 lacitomnis.

115 3278 189 3336 satis
211 3278 290 3337 enim
311 3279 392 3338 valet
413 3282 645 3357 qualiscumque
666 3283 706 3342 ad
726 3282 897 3342 inbecillam
923 3283 1021 3343 aciem
1045 3297 1091 3340 re·

116 3361 298 3434 pellendam.
332 3363 422 3437 longe
443 3373 542 3424 autem
563 3367 661 3441 magis
682 3368 781 3425 visum
808 3374 946 3426 nostrum
971 3364 1089 3426 remittit

74 3510 81 3521 g
113 3461 208 3520 aquo,
226 3445 296 3520 quia
312 3449 446 3508 crassior
460 3456 508 3508 cst
521 3454 550 3508 et
561 3450 698 3523 pervinci
710 3454 771 3509 nod
785 3456 901 3524 polest,
919 3447 1089 3510 sedradios
