2364 3840
270 211 862 276 DEBENEFlcllsttss.1v.14—1r.
1016 213 1058 277 69

87 379 149 422 non
166 361 334 432 accideret,
350 362 409 420 nisi
424 379 481 421 nos
497 361 566 435 ipsa
581 363 767 422 delectarent
781 363 938 423 beneficia.
963 363 1090 437 Quam3

88 463 183 521 saepe
199 447 348 505 dicentem
360 445 484 504 audias:
502 463 585 519 „uon
597 447 735 507 sustineo
746 447 828 506 illum
844 448 997 520 deserere,
1010 449 1059 508 cui

88 532 159 590 aedi
173 530 280 603 vitam,
304 545 396 603 quem
417 529 554 603 periculo
570 530 676 603 eripui.
711 539 800 605 rogat
817 546 865 589 me
888 539 920 591 ut
934 547 1059 591 causam

89 630 175 674 suam
197 622 302 672 contra
322 612 461 673 homines
482 614 635 687 gratiosos
660 630 757 688 agam.
793 615 881 674 nolo=
909 615 965 674 sed
987 613 1060 688 quid

88 699 219 756 facietne
240 697 300 756 iam
320 697 362 755 illi
383 699 477 756 semel
498 698 668 771 iterumque
688 699 803 761 adlui.“
824 697 890 757 Non
911 698 998 757 vides
1016 698 1060 756 in-

90 797 161 840 esse
176 781 225 840 isti
240 780 284 838 rei
298 783 459 840 monimum
477 782 639 854 quamdam
653 782 729 850 vim,
748 796 827 856 quae
842 797 899 840 nos
919 782 993 840 dare
1008 782 1060 841 be-

89 866 161 924 ficia
176 863 275 938 cogit?
300 865 428 937 primum
444 865 515 938 quia
529 871 662 938 oportet,
686 865 797 924 deinde
819 865 890 937 quia
911 864 1061 924 dedimus

92 948 145 1006 Cui
167 949 251 1007 initio
273 948 348 1006 ratio
371 964 431 1005 non
452 949 561 1007 luisset
581 949 758 1022 praestandi
773 948 901 1021 aliquid,
925 948 954 1006 ei
974 960 1093 1021 prae-4

92 1038 209 1090 stamus
226 1031 265 1088 ob
278 1029 353 1102 hoc,
374 1033 445 1104 quia
461 1032 676 1104 praestitimus.
703 1033 844 1106 adeoque
858 1031 898 1090 ad
912 1031 1063 1089 beneficia

92 1131 150 1172 nos
165 1131 227 1174 non
242 1113 357 1187 inpellit
370 1114 497 1187 utilitas,
514 1123 545 1173 ut
560 1124 588 1174 ct
602 1115 717 1173 inutilia
731 1115 807 1173 tueri
823 1131 859 1173 ac
874 1115 979 1174 fovere
994 1130 1062 1188 per·

93 1213 272 1257 sereremus
298 1199 365 1256 sola
384 1197 525 1276 beneficii
546 1199 684 1270 caritate,
722 1197 770 1256 cui
788 1199 876 1256 etiam
905 1198 1064 1256 infeliciter

92 1288 162 1341 nato
178 1281 336 1354 indulgere
350 1288 411 1341 tam
426 1282 562 1340 naturale
578 1298 668 1355 quam
684 1278 786 1339 liberis
802 1279 917 1354 parvis.

155 1364 235 1423 XVl.
267 1365 384 1423 lidem
411 1364 477 1424 isti
505 1367 667 1438 gratiam
698 1365 847 1423 reterre
870 1364 983 1437 ipsos
1017 1363 1096 1420 la-1

93 1455 238 1522 teritur,
262 1464 335 1508 non
353 1446 747 1522 quiahoncstnmest,
771 1448 837 1507 sed
857 1446 1065 1522 quinutile.

96 1533 196 1606 quod
218 1547 291 1590 non
318 1547 409 1590 csse
435 1531 488 1590 ita
509 1533 656 1592 minore
684 1546 803 1607 opera
828 1531 1065 1604 probandum

95 1621 170 1685 est,
204 1614 294 1688 quia
322 1614 464 1688 quibus
492 1615 729 1689 argumentis
753 1613 986 1688 collegimus
1009 1613 1066 1671 be-

95 1697 279 1757 net'icium
302 1697 393 1755 dare
416 1712 485 1770 per
512 1714 653 1757 serem
681 1698 936 1772 expetendam
968 1711 1067 1766 esse,

96 1780 219 1840 isdem
241 1779 352 1836 etiam
372 1777 444 1836 hoc
473 1781 704 1853 colligimus.
743 1782 850 1839 Fixum
871 1788 918 1839 est
938 1782 1026 1850 illud,
1050 1784 1098 1836 al

99 1879 160 1938 quo
178 1862 209 1919 iu
224 1867 326 1920 cetera
341 1860 537 1934 probationes
558 1870 681 1921 nostrae
697 1870 821 1932 exeunt,
845 1864 1006 1923 honestum
1028 1863 1067 1922 ob

99 1946 210 2005 nullam
236 1944 326 2004 aliam
355 1959 496 2018 causam,
520 1961 610 2019 quam
631 1946 702 2019 quia
725 1946 886 2004 honestum
909 1947 962 2018 sit,
1000 1947 1068 2004 coli.

98 2031 171 2104 Quis
188 2045 260 2103 ergo
275 2027 514 2087 controversiam
532 2030 632 2087 lacere
648 2029 786 2101 audebit,
809 2045 848 2086 an
864 2035 982 2102 gratum
998 2044 1069 2087 esse

96 2116 260 2174 honestum
275 2112 335 2171 sit?
365 2111 433 2186 quis
460 2128 519 2171 non
542 2111 691 2186 ingratum
713 2113 893 2186 detestetur,
918 2113 1070 2170 homiuem
1161 2155 1163 2160 .

98 2197 156 2256 sibi
172 2197 230 2270 ipsi
245 2196 402 2255 inutilem?
424 2195 501 2269 Quid
516 2203 639 2255 autem?
656 2213 724 2257 cum
739 2195 792 2255 tibi
807 2205 946 2257 narratur
961 2196 1069 2254 adver-

99 2297 153 2341 sus
169 2296 287 2339 summa
300 2279 449 2338 beneficia
465 2280 552 2339 amici
574 2281 621 2339 sui
643 2281 778 2354 ingratus
800 2296 886 2354 esse,
913 2279 1068 2355 quomodo

99 2365 131 2422 id
147 2363 272 2422 lecerit?
289 2369 388 2421 utrum
408 2370 562 2438 tamquam
581 2380 645 2422 rem
671 2373 789 2439 turpem
811 2365 915 2423 lecerit
936 2381 974 2422 an
996 2370 1070 2421 tam·

102 2462 194 2518 quam
209 2460 273 2502 rem
287 2445 387 2503 utilem
402 2447 459 2504 sibi
476 2456 504 2506 et
519 2448 708 2520 prolaturam
724 2447 880 2506 omiserit?
912 2454 1003 2519 puto,
1019 2459 1071 2502 ne·

103 2543 195 2602 quam
215 2527 366 2586 hominem
388 2529 560 2601 existimas,
584 2531 631 2589 cui
654 2546 767 2605 poena,
792 2545 853 2586 non
869 2530 917 2587 cui
934 2533 1073 2586 curatore

103 2626 183 2684 opus
204 2610 251 2671 sit.
286 2612 369 2684 quod
390 2628 451 2671 non
472 2613 638 2686 accideret,
662 2614 719 2671 nisi
740 2618 858 2684 gratum
880 2626 950 2669 esse
968 2623 1073 2682 perse

101 2694 309 2767 expetendum
323 2694 548 2770 honestumque
563 2704 655 2754 esset.
687 2695 757 2753 Alia
772 2695 904 2753 fortasse
919 2694 1017 2751 minus
1030 2691 1073 2750 di·
1088 2697 1106 2751 3

101 2778 247 2852 gnitatem
268 2794 354 2837 suam
377 2780 553 2851 praeierunt
572 2786 601 2838 et
621 2795 659 2836 an
685 2778 745 2836 sint
765 2777 894 2836 honesta
911 2776 1075 2850 interprete

103 2867 209 2933 egent:
227 2860 286 2919 hoc
299 2862 531 2935 expositum-est
543 2860 769 2936 pulchriusque,
786 2877 875 2935 quam
887 2867 919 2919 ut
929 2860 1076 2934 splendor

103 2945 170 3004 eius
194 2943 286 3001 dubie
308 2959 344 3001 ac
365 2961 472 3018 parum
492 2945 601 3004 luceat.
638 2943 715 3017 Quid
732 2952 791 3004 tam
812 2944 977 3015 laudabile,
1002 2943 1076 3017 quid

104 3037 164 3087 tam
181 3026 347 3100 aequaliter
361 3028 391 3085 in
408 3029 540 3087 omnium
555 3030 673 3087 animos
689 3034 844 3101 receptum
858 3045 948 3102 quam
962 3029 1076 3085 reterre

103 3111 185 3169 bene
200 3108 313 3169 meritis
329 3110 477 3183 gratiam?

167 3193 259 3251 XVll.
289 3193 338 3251 Ad
360 3192 434 3266 hoc,
458 3195 507 3253 dic
528 3193 613 3264 mihi,
636 3211 714 3267 quae
736 3211 830 3254 causa
844 3211 902 3256 nos
917 3193 1107 3268 perduoittl

106 3279 246 3337 lucrum?
269 3277 352 3349 quod
372 3277 499 3350 quinon
516 3277 686 3349 contemnit,
702 3279 836 3352 ingratus
853 3286 908 3336 est.
935 3276 1078 3335 ambitio?

107 3366 137 3418 et
152 3375 231 3432 quae
245 3359 366 3419 iactatio
383 3367 430 3418 est
444 3359 576 3419 solvisse
592 3362 674 3435 quod
691 3361 848 3420 debebas?
872 3365 993 3417 metus?
1013 3356 1078 3415 nul-

107 3443 155 3501 lus
170 3443 303 3516 ingrato:
325 3441 395 3502 huic
411 3443 489 3501 enim
504 3445 555 3502 uni
569 3445 613 3503 rei
627 3461 689 3504 non
704 3443 865 3519 posuimus
876 3444 991 3515 legem,
1006 3448 1079 3498 tam-
