2364 3840
126 186 190 249 boo
417 184 450 244 L.
472 183 619 244 ANNAEI
640 178 817 242 SENECAE

125 346 183 413 tur,
206 346 236 398 et
257 338 282 398 si
301 337 497 400 violentiores
513 336 642 408 llavere,
665 336 747 394 circa
760 333 892 393 medium
907 338 1010 392 tamen

124 425 361 496 relanguescunt
381 437 438 480 nec
457 436 589 494 usquam
609 419 755 494 usquein
770 414 929 476 meridiem
944 433 1016 478 aura

125 507 253 567 ducitur.
290 504 359 564 Alia
371 512 470 565 autem
483 506 568 577 [alid]
581 501 749 562 inbecillior
758 517 796 561 ac
807 501 932 560 brevior
944 509 1000 574 est,

122 589 343 649 valentioribus
360 587 567 648 minoribusve
582 586 711 646 collecta
725 585 828 646 causis
843 591 900 644 est.

95 678 111 732 1
188 675 236 732 lX·
271 673 417 746 „Quare
443 679 565 730 tamen
593 671 694 730 tales
721 667 829 728 venti
859 683 949 728 vere
979 676 1016 728 et

123 756 456 817 statevalidiores
476 759 615 814 suntl“
635 752 797 827 (levissimi
808 750 889 810 enim
903 760 1006 813 cetera

123 841 194 898 anni
215 855 315 913 neque
332 839 383 913 qui
397 839 499 896 velum
513 838 649 912 inpleant
664 840 820 912 surgunt):
849 837 922 910 quia
938 853 1016 896 vera

121 924 186 982 sius
208 929 256 980 est
275 930 306 982 et
326 937 364 981 ex
386 921 524 995 pluribus
540 921 629 996 aquis
643 921 784 996 locisque
798 920 839 980 ob
854 920 1010 980 humidam

121 1012 258 1066 naturam
281 1005 393 1066 saturis
415 1013 445 1064 et
463 1005 703 1066 redundantibus
724 1003 821 1065 maior
841 1005 1016 1079 evaporatit

92 1090 182 1161 a„At
194 1104 288 1163 quare
304 1095 420 1149 aestate
435 1088 669 1164 profunditurt“
692 1089 764 1163 quia
778 1094 850 1162 post
864 1103 1012 1148 occasum

121 1179 259 1232 remanet
279 1172 407 1233 diurnus
428 1174 513 1233 calor
532 1179 562 1231 et
581 1187 692 1247 magna
711 1173 809 1233 noetis
834 1179 923 1246 parte
948 1173 1016 1246 peri

122 1256 174 1332 qui
197 1265 305 1317 evocat
324 1257 467 1317 exeuntia
488 1272 525 1316 ac
544 1254 755 1316 vehementius
771 1255 875 1327 trahit,
900 1256 1017 1330 quicqu

121 1340 168 1399 his
190 1348 300 1414 sponte
319 1340 409 1400 reddi
427 1343 514 1400 solet.
544 1340 656 1399 deinde
671 1357 732 1400 non
745 1346 860 1399 tantum
875 1338 971 1398 habet
984 1341 1015 1397 vi

120 1431 154 1483 ut
177 1424 261 1499 quod
281 1425 424 1484 evocavit
444 1424 592 1484 absumat.
619 1424 659 1482 ob
684 1423 745 1483 boc
769 1422 882 1482 diutius
905 1438 1016 1497 corpus

121 1522 264 1566 emanare
285 1508 374 1566 solita
395 1514 425 1566 el
440 1508 559 1583 ,elssari,
579 1514 660 1567 terra
680 1522 718 1565 ex
735 1523 769 1567 se
783 1513 876 1580 atque
890 1505 1002 1565 humor

92 1595 193 1651 blunt.
228 1590 313 1649 Facit
333 1597 433 1649 autem
455 1600 580 1650 ventum
599 1591 646 1650 sol
667 1599 751 1650 onus
773 1606 835 1650 non
857 1590 962 1650 calore
975 1599 1016 1650 tar

120 1674 281 1732 sedetiam
302 1674 373 1733 ictu.
397 1676 449 1736 lux
464 1675 558 1747 enim,
580 1680 613 1734 ut
627 1674 705 1746 dixi,
728 1689 808 1748 quae
822 1675 920 1734 solem
937 1682 1016 1734 ante«

120 1757 254 1817 nondum
278 1760 349 1815 aera
370 1758 522 1828 calefacit,
546 1759 602 1817 sed
624 1757 754 1831 percutit
772 1765 897 1817 tantum.
929 1774 1016 1831 perci

119 1846 217 1901 aulem
238 1841 268 1899 in
289 1842 382 1915 latus,
414 1843 507 1912 cedit,
530 1855 715 1916 quamquam
736 1856 794 1915 ego
816 1855 856 1899 ne
876 1841 952 1902 illud
976 1860 1016 1917 qu

120 1924 342 1999 concesserim,
366 1927 464 1986 lucem
487 1926 587 1999 ipsam
602 1927 668 1984 sine
687 1926 789 1985 calore
803 1938 889 1996 esse,
908 1941 1016 1986 cume

89 2008 183 2071 tiore
199 2009 252 2068 sit:
276 2025 336 2069 non
353 2009 447 2069 habet
460 2009 588 2069 lorsitan
603 2015 716 2069 tantum
733 2009 864 2082 teporis,
889 2016 1016 2084 quantur

118 2098 169 2151 ctu
189 2093 351 2165 adpareat,
373 2109 451 2167 opus
469 2100 570 2151 tamen
586 2109 674 2154 suum
687 2092 759 2153 lacit
772 2099 802 2152 et
817 2093 915 2151 densa
930 2092 1016 2153 didut

117 2180 230 2232 tenuat.
254 2183 414 2247 praetcrea
429 2176 511 2247 loca,
532 2192 611 2249 quae
628 2175 732 2251 aliqua
744 2175 903 2250 iniquitate
918 2183 1016 2237 natura

117 2257 223 2315 clausa
239 2264 322 2328 sunt,
345 2266 378 2318 ut
393 2260 490 2318 solem
504 2259 646 2333 accipere
658 2276 718 2320 non
735 2259 870 2335 possint,
886 2260 939 2319 illa
950 2261 1016 2320 nebi

118 2355 243 2413 quoque
264 2347 294 2399 et
313 2341 391 2400 tristi
412 2341 480 2401 luce
502 2343 644 2404 calefiunt
664 2352 694 2403 et
714 2358 770 2418 per
789 2342 870 2402 diem
885 2345 988 2404 minus
1007 2363 1016 2404 ‹

86 2424 258 2490 5noctibus
283 2425 390 2498 rigent.
432 2425 611 2487 Etiamnunc
637 2435 745 2488 natura
768 2426 853 2487 calor
877 2428 978 2487 omnis
1005 2446 1016 2488 a

116 2507 243 2568 nebulas
266 2516 296 2569 et
318 2525 337 2567 a
359 2526 393 2569 se
413 2509 546 2585 repellit:
569 2526 643 2586 ergo
659 2512 706 2571 sol
722 2525 846 2586 quoque
861 2511 943 2569 idem
958 2512 1016 2571 lael

115 2591 201 2662 ideo,
235 2600 269 2653 ut
297 2594 525 2668 quibusdam
554 2595 723 2664 videtur,
757 2593 845 2652 inde
876 2594 1000 2658 flatus

114 2677 306 2736 undesol

87 2774 103 2825 1
177 2761 212 2818 X.
241 2761 320 2819 Hoc
344 2762 482 2821 laisum
504 2775 576 2820 esse
596 2775 634 2819 ex
656 2775 693 2820 eo
715 2760 857 2836 adparet,
882 2761 970 2836 quod
989 2778 1016 2820 nt

113 2842 144 2899 in
160 2857 279 2901 omnem
295 2852 411 2918 partem
426 2847 498 2903 aera
512 2842 640 2904 rebitet
654 2851 760 2904 contra
772 2852 870 2905 ortum
883 2846 984 2918 plenis
998 2863 1016 2903 v

114 2923 287 2996 navigatur,
311 2928 395 3000 quod
410 2944 471 2987 non
487 2929 635 3003 eveniret,
657 2926 686 2987 si
700 2943 823 3003 semper
837 2937 950 2988 ventus
967 2930 1016 2989 ler:

113 3023 132 3065 a
153 3007 228 3064 sole.
269 3007 429 3070 Etesiae
451 3027 619 3086 quoque,
648 3011 749 3086 quiin
771 3018 1016 3086 argumentuma

112 3086 243 3148 busdam
259 3089 461 3165 advocantur,
484 3112 556 3156 non
580 3096 691 3155 nimis
714 3095 963 3170 propositum
986 3113 1016 3157 a<

83 3177 209 3232 avant.
237 3171 341 3231 Dicam
356 3174 494 3251 primum,
511 3179 584 3252 quid
599 3178 660 3239 illis
676 3181 802 3254 placeat
822 3179 945 3253 deinde,
963 3196 1016 3241 cur

112 3254 225 3329 pliceat
244 3254 326 3312 mihi.
362 3257 517 3333 „Etesiae‚
539 3263 694 3337 inquiunt,
716 3263 815 3323 bieme
829 3279 892 3324 non
912 3276 999 3338 sunt,

111 3336 303 3398 brevissimis
325 3337 434 3399 diebus
456 3343 504 3400 sol
526 3344 653 3419 desinit,
681 3346 861 3421 priusquam
887 3347 987 3424 trigas
1009 3367 1016 3408 t

113 3428 206 3483 catur.
240 3420 343 3498 itaque
365 3422 451 3482 nives
472 3429 503 3480 et
523 3436 677 3499 ponuntur
690 3436 721 3489 et
737 3430 860 3491 durant:
884 3441 1004 3495 aestate
