2364 3840
115 207 176 272 158
399 206 432 265 L.
454 205 602 264 ANNAEI
625 203 801 265 SENECAE

115 359 246 420 subinde
260 359 425 433 inpleatur,
441 356 579 414 farcirem
595 360 625 413 et
635 354 768 412 viverem
781 351 865 427 aegri
877 351 987 414 ministr

115 451 242 504 mortem
257 443 405 513 timerem,
421 438 469 499 cui
481 439 533 498 uni
544 438 674 514 [omnes]
687 437 862 496 nascimur?
888 437 987 497 Detral

115 525 334 586 inaestimabile
353 523 480 596 bonum,
509 537 570 582 non
591 530 638 581 est
658 521 719 581 vita
737 521 825 590 tenu,
854 528 888 580 ut
909 522 987 581 sude

86 618 259 672 oaestuem.
298 607 321 666 0
340 623 430 682 quam
450 621 501 666 res
523 611 570 665 est
591 611 763 678 contempta
783 603 890 677 homo,
917 604 977 664 nisi

115 695 246 754 humana
258 691 437 752 surrexerit!
453 689 598 763 quamdiu
609 704 678 748 cum
689 687 860 748 adfectibus
872 688 987 748 conluc

116 778 189 853 quid
204 773 355 850 magnifici
371 772 520 832 iacimus?
540 778 571 831 et
585 773 612 831 si
624 773 800 847 superiores
813 787 936 846 sumus,
952 788 987 847 pc

115 859 274 919 vincimus.
309 856 386 930 Quid
403 863 464 928 est,
489 871 542 914 cur
557 857 763 930 suspiciamus
778 855 987 930 nosmetipsos

116 941 281 1001 dissimiles
304 940 473 999 deterrimis
489 945 616 999 sumust
637 955 696 998 non
712 939 819 1012 video,
842 955 938 1013 quare
954 940 987 997 sil

86 1029 184 1084 occat
206 1024 257 1099 qui
277 1022 433 1086 robustior
453 1030 501 1083 est
522 1023 552 1080 in
567 1023 787 1083 valitudinario.
822 1022 951 1082 Multum
966 1024 987 1081 ir

116 1107 194 1168 inter
214 1108 295 1168 vires
311 1114 341 1167 et
360 1108 471 1167 bonam
495 1105 699 1166 valitudinem.
734 1105 874 1180 Effugisti
897 1107 970 1166 vitia

115 1208 176 1252 non
198 1199 244 1251 est
262 1188 314 1252 tibi
335 1193 420 1251 irons
442 1190 512 1250 licta
526 1206 583 1249 nec
597 1191 625 1249 in
643 1189 771 1248 alienam
787 1189 974 1250 voluntatem

116 1276 296 1351 conpositus
317 1290 373 1334 nec
396 1291 449 1335 cor
468 1273 636 1333 involutum
656 1288 713 1331 nec
734 1273 875 1347 avaritia,
906 1289 987 1348 quae

99 1360 190 1435 .quid
212 1359 352 1421 omnibus
375 1358 510 1427 abstulit,
533 1356 671 1431 sibiipsi
695 1362 798 1430 neget,
819 1371 876 1415 nec
898 1357 987 1416 luxru

116 1443 236 1503 cuniam
251 1443 376 1516 turpiter
394 1441 542 1515 perdens,
565 1456 655 1514 quam
671 1440 790 1515 turpius
802 1449 939 1514 reparet,
955 1457 987 1500 nt

115 1527 203 1599 bilia,
231 1539 309 1600 quae
330 1531 358 1606 te
381 1524 419 1583 ad
435 1522 610 1596 dignitatern
625 1524 682 1582 nisi
698 1523 890 1598 perindigne
906 1540 968 1583 non
985 1552 987 1572 ι

116 1609 189 1668 nibil
210 1608 311 1667 adbuc
333 1612 517 1667 consecutus
539 1622 588 1679 es,
612 1607 703 1666 multa
726 1606 873 1680 effugisti,
893 1616 924 1667 te
946 1624 987 1667 no

115 1693 211 1751 virtus
233 1690 312 1751 enim
333 1691 404 1760 ista,
429 1706 519 1765 quam
541 1690 745 1763 adfectamus,
769 1691 931 1764 magnilica
946 1702 987 1750 est

116 1776 188 1849 quia
209 1790 263 1849 per
283 1789 318 1833 se
332 1774 453 1834 beatum
470 1781 518 1833 est
531 1776 610 1833 malo
626 1773 776 1845 caruisse,
799 1775 855 1834 sed
872 1775 944 1850 quia
960 1792 987 1834 ar

116 1860 198 1918 laxat
211 1873 247 1917 ac
263 1865 425 1932 praeparat
439 1857 479 1916 ad
495 1857 695 1931 cognitionem
713 1858 889 1918 coelestium
903 1858 987 1932 digm

87 1942 221 2016 lesden,
247 1940 342 2018 quiin
359 1941 543 2001 consortium
560 1941 687 2002 deorum
702 1941 811 2000 veniat
849 1941 934 2002 Tunc
949 1959 987 2002 co

115 2033 227 2085 matum
239 2024 331 2086 habet
342 2026 526 2100 plenumque
537 2023 650 2083 bonum
662 2024 754 2086 sortis
767 2024 934 2099 humanae,
950 2043 987 2086 cu

115 2115 182 2168 cato
199 2109 279 2167 omni
295 2109 373 2166 nralo
392 2105 465 2182 petit
479 2109 568 2167 altum
583 2115 613 2167 et
627 2109 656 2166 in
668 2109 840 2169 interiorem
851 2115 979 2168 naturae

115 2191 206 2249 venit.
227 2198 300 2249 tunc
314 2192 395 2250 iuvat
410 2191 487 2248 inter
499 2189 567 2264 ipsa
580 2191 683 2251 sidera
695 2197 852 2266 vagantem
865 2191 987 2252 divitum

115 2279 215 2331 menta
229 2273 329 2331 ridere
345 2279 480 2333 ettotam
496 2290 564 2333 cum
580 2290 654 2335 auro
671 2291 727 2337 suo
743 2282 867 2347 terram,
888 2292 949 2337 non
963 2277 984 2335 il

114 2362 175 2415 tum
192 2355 277 2428 dico,
295 2357 377 2431 quod
393 2356 507 2432 egessit
521 2363 551 2417 et
565 2357 747 2432 signandum
763 2365 903 2419 monetae
918 2361 987 2419 dedi

113 2446 143 2498 et
156 2439 224 2513 illo,
246 2441 330 2514 quod
345 2439 374 2498 in
390 2443 509 2502 occulto
525 2449 629 2502 servet
645 2450 834 2516 posterorum
850 2444 987 2503 avaritia<

114 2529 302 2598 potestante
323 2533 516 2585 contemnere
538 2526 672 2599 porticus
693 2533 723 2586 et
742 2525 898 2585 lacunaria
918 2527 987 2587 ebor

112 2607 212 2681 gentio
234 2613 263 2667 ct
288 2609 415 2668 tonsiles
441 2608 535 2668 silvas
560 2617 589 2669 et
611 2609 747 2668 derivata
767 2610 795 2668 in
818 2609 929 2670 domos
955 2610 987 2669 llr

113 2707 203 2764 quam
219 2698 314 2765 totum
329 2693 435 2751 circuit
450 2692 610 2765 mundum,
628 2699 658 2752 et
675 2701 817 2754 terrarum
834 2693 938 2753 orbem
956 2710 987 2754 sr

113 2772 289 2846 despiciens
307 2782 467 2850 angustum
488 2782 517 2835 et
538 2777 669 2835 maxima
692 2782 832 2850 exparte
849 2785 987 2851 opertum

113 2856 201 2914 etiam
218 2875 279 2932 qua
294 2864 407 2932 exstat,
430 2860 488 2918 late
504 2858 676 2933 squalidum
693 2866 722 2918 et
737 2866 790 2919 aut
803 2867 905 2919 ustum
922 2869 975 2921 aut

82 2944 171 2999 8tem
194 2941 250 2999 sibi
274 2941 341 3014 ipse
363 2941 418 3000 ait:
441 2942 500 3002 hoc
521 2948 568 3002 est
582 2943 654 3002 illud
672 2951 830 3017 punctum,
854 2945 937 3017 quod
954 2943 984 3004 in

112 3028 218 3097 gentes
235 3024 314 3082 lerro
331 3032 360 3084 et
374 3023 444 3097 igne
459 3025 619 3086 dividitur
647 3042 666 3085 o
683 3043 773 3101 quam
787 3027 907 3086 ridiculi
923 3036 987 3086 sunt

113 3105 214 3163 talium
230 3105 362 3164 termini!
400 3107 484 3167 Ultra
498 3109 606 3168 lstrum
622 3112 724 3169 Decus
739 3127 798 3170 non
816 3117 915 3170 exeat.
951 3112 987 3172 St

112 3194 141 3246 et
159 3188 290 3248 Haemus
309 3190 442 3250 Thracas
466 3192 608 3251 includat.
644 3193 760 3253 Parthis
783 3194 884 3254 obstet
903 3195 987 3269 Eupl

112 3270 268 3331 Danubius
283 3271 449 3333 Sarmatica
462 3290 499 3334 ac
512 3277 647 3336 Romana
658 3276 853 3337 disterminet.
875 3278 985 3339 Rheno

112 3353 230 3413 maniae
251 3357 372 3418 modum
396 3357 493 3417 iaciat.
527 3359 704 3436 Pyrenaeus
726 3360 858 3421 medium
878 3361 987 3422 inter(

112 3442 142 3496 et
151 3436 316 3512 Hispanias
329 3441 430 3516 iugum
444 3443 577 3502 extollat.
600 3444 677 3506 inter
688 3443 863 3521 Aegyptum
875 3452 906 3504 et
916 3445 987 3506 Actl
