2364 3840
249 203 298 264 DE
318 203 532 265 BENEFICIIS
554 204 691 264 elavi.
716 213 849 268 25—28.
976 203 1038 269 123

53 355 118 415 iam
139 354 277 429 ingratus
298 369 343 415 es.
371 352 507 415 nondum
521 352 614 414 audio
630 354 704 429 quid
720 354 761 413 illi
776 355 853 414 velis
869 362 1037 429 praestare.

51 438 124 498 scio
148 437 223 513 quid
242 438 326 497 illum
346 437 424 498 velis
445 438 517 511 pati.
555 436 797 500 Sollicitudinem
818 436 859 497 illi
879 445 909 498 et
926 445 1038 497 metum

50 529 86 582 et
98 522 199 581 maius
212 521 337 594 aliquod
346 521 514 597 inprecaris
526 523 648 581 malum.
668 529 758 595 optas
772 528 805 580 ut
816 537 876 595 ope
888 521 1037 596 indigeat:

54 604 117 665 hoc
139 612 246 668 contra
265 605 347 664 illum
365 613 421 664 est.
444 606 534 678 optas
550 613 584 665 ut
597 614 648 665 tua
662 606 796 679 indigeat
810 621 884 679 ope·
904 604 963 664 hoc
979 620 1036 678 pro

54 694 86 747 te
114 696 172 749 est
206 702 269 747 non
297 702 477 748 succurrere
502 689 549 747 vis
574 689 635 762 illi,
665 689 720 749 sed
749 690 889 749 solvere:
918 688 969 784 qui
991 688 1059 748 sic

55 777 219 846 properat,
235 771 315 831 solvi
332 773 409 844 vult,
425 787 485 832 non
499 735 635 833 solveres
657 773 702 832 lta
717 773 801 847 quod
815 789 910 832 unum
923 773 952 831 in
965 773 1066 832 votor

51 864 108 915 tuo
124 854 286 916 honestum
301 853 400 915 videri
414 862 548 930 poterat,
567 856 668 929 ipsum
679 863 766 929 turpe
779 854 967 930 etingratum
980 863 1035 927 est,

55 939 141 998 nolle
161 937 283 1000 debere.
312 946 400 1012 optas
421 939 516 1011 euim,
540 955 599 998 non
621 946 655 998 ut
675 947 706 998 tu
728 941 900 1000 facultatem
921 939 1037 999 habeas

53 1021 240 1082 referendae
260 1022 390 1095 gratiae,
412 1021 468 1081 sed
480 1028 514 1081 ut
530 1022 580 1080 ille
598 1024 809 1082 necessitatem
825 1024 1037 1098 inplorandae.

52 1104 256 1179 Superiorem
277 1111 307 1164 te
329 1103 404 1165 lacIs
427 1112 471 1177 et,
496 1106 578 1180 quod
601 1105 688 1163 nefas
711 1113 772 1178 est,
798 1107 878 1165 berre
899 1107 1037 1166 meritum

52 1189 97 1248 ad
113 1188 211 1263 pedes
227 1194 297 1247 tuos
313 1188 414 1248 mittis
439 1197 552 1262 quanto
569 1188 665 1248 satius
679 1196 726 1248 est
740 1189 872 1248 honesta
882 1190 1038 1249 voluntate

51 1272 172 1332 debere
195 1286 286 1346 quam
307 1286 363 1345 per
382 1261 491 1331 malam
506 1270 653 1332 rationem
670 1273 812 1332 solveret
848 1271 880 1333 sl
896 1272 1038 1330 infitiare·
1049 1275 1067 1331 3

54 1356 100 1415 ris
117 1355 200 1429 quod
217 1370 398 1429 acceperas,
415 1355 513 1415 minus
526 1370 684 1429 peccares.
706 1355 780 1414 nihil
792 1356 870 1414 enlm
884 1355 941 1413 nisi
935 1355 1039 1429 quod

55 1538 124 1583 rum
140 1537 282 1596 suarum,
304 1530 334 1583 et
348 1529 445 1583 status
459 1523 624 1583 mutatione
637 1525 667 1582 in
683 1522 715 1581 id
727 1523 893 1595 devocare,
915 1530 948 1581 ut
959 1522 1038 1580 infra

55 1605 210 1665 beneficia
231 1622 288 1665 sua
301 1606 408 1667 iaceat.
445 1605 569 1666 Gratum
584 1613 613 1665 te
629 1606 764 1682 putabet
793 1621 964 1677 commeo,
988 1606 1036 1665 cui

58 1690 212 1764 prodesse
232 1689 294 1763 vis,
318 1698 399 1763 opta.
436 1691 549 1749 Votum
568 1696 599 1748 tu
624 1692 701 1750 istuc
720 1707 829 1762 vocas,
855 1689 938 1765 quod
960 1690 1038 1748 Inter

53 1779 178 1847 gratum
195 1779 227 1832 et
244 1772 396 1832 inimicum
419 1780 520 1846 potest
534 1773 649 1832 dividit
672 1775 754 1848 quod
771 1790 831 1833 non
848 1772 969 1833 dubitas
984 1772 1038 1833 ad-

57 1856 231 1915 versarium
245 1862 275 1914 et
289 1856 408 1916 hostem
425 1857 550 1927 iecisse,
573 1857 598 1914 si
615 1865 752 1917 extrema
766 1863 942 1915 taceantur?
976 1857 1066 1916 Hos

55 1948 123 2000 ates
146 1954 273 2013 quoque
293 1946 475 2013 optaverunt
497 1954 610 2013 capere
631 1940 779 2014 quasdam
796 1938 904 2010 urbes,
927 1947 959 1997 ut
974 1953 1036 1996 ser-

56 2029 181 2093 varent,
211 2029 241 2083 et
263 2023 385 2082 vincere
405 2023 571 2096 quosdam,
600 2031 633 2082 ut
653 2023 863 2097 ignoscerent,
887 2036 944 2079 nec
965 2019 1037 2080 ideo

57 2122 119 2166 non
140 2105 263 2165 hostilia
282 2115 364 2166 vota.
392 2107 422 2165 ln
444 2106 556 2180 quibus
572 2107 655 2181 quod
675 2105 865 2166 mitIssimuni
881 2112 942 2176 est,
966 2111 1039 2177 post

54 2189 267 2253 crudelitatem
292 2190 384 2250 uenit.
425 2191 565 2264 Denique
592 2191 693 2265 quaIIa
718 2205 789 2250 esse
813 2188 931 2248 Iudicas
956 2195 1065 2261 votae

54 2288 137 2348 quae
154 2287 244 2332 nemo
259 2272 311 2332 libi
327 2274 426 2333 minus
442 2275 525 2333 volet
540 2291 629 2348 quam
645 2274 687 2347 is,
711 2291 767 2349 pro
784 2290 845 2349 quo
861 2273 952 2344 fiunt,
967 2288 1036 2332 suc·

56 2357 191 2417 cedere?
213 2356 348 2430 pessime
364 2372 431 2416 cum
448 2373 485 2416 eo
501 2357 583 2431 agis,
607 2357 718 2417 cuivis
734 2358 814 2418 adis
831 2358 950 2427 nocerI,
974 2372 992 2414 a
1007 2363 1037 2415 te

54 2440 212 2513 succurrI,
231 2439 336 2513 inique
352 2457 420 2499 cum
435 2441 511 2514 ipsis
529 2441 587 2500 dis.
610 2441 668 2500 illis
682 2442 761 2501 enim
773 2441 955 2500 durissimas
968 2455 1037 2512 par-

55 2532 103 2584 tes
118 2522 259 2598 inponis,
280 2523 332 2583 tibi
347 2523 513 2583 humanas:
535 2532 568 2584 ut
583 2532 615 2585 tu
630 2525 748 2599 prosis,
765 2523 796 2582 di
811 2523 974 2581 nocebunt.
1006 2519 1066 2583 sta

54 2614 268 2669 accusatorem
291 2607 500 2681 submitteres,
531 2624 620 2682 quem
646 2607 758 2667 deinde
784 2619 982 2672 removeres,
1012 2603 1038 2662 si

53 2692 162 2766 aliqua
177 2691 261 2751 illum
275 2691 326 2750 lite
341 2689 520 2766 ianIcares‚
537 2707 627 2766 quam
641 2689 772 2750 subinde
783 2689 969 2759 discuteres,
985 2700 1037 2744 ne-

54 2792 106 2835 mo
130 2775 171 2834 de
191 2781 244 2834 tuo
266 2776 384 2834 scelere
402 2775 568 2834 dubitaret:
592 2774 663 2849 quid
678 2772 819 2841 interest,
844 2779 943 2831 utrum
959 2771 1038 2829 istuc

55 2858 166 2916 fraude
184 2864 348 2932 temptetur
368 2874 406 2917 an
429 2865 515 2931 voto,
539 2858 596 2916 nisi
618 2856 701 2931 quod
723 2856 911 2929 potentiores
927 2855 968 2914 illi
983 2854 1037 2913 ad·

55 2940 214 3002 versarios
230 2942 379 3014 quaeris?
413 2941 479 3001 Non
495 2950 542 3002 est
558 2941 640 3015 quod
654 2935 756 2998 dicas:
778 2955 890 3013 „quam
903 2939 982 2998 enim
996 2937 1065 2995 illil

55 3023 198 3085 inluriam
218 3025 344 3085 laciol“
378 3034 479 3084 votum
501 3032 585 3084 tuum
607 3031 658 3083 aut
678 3037 903 3097 supervacuum
919 3028 966 3082 est
986 3029 1038 3080 aut

54 3106 253 3181 iulurIosum,
274 3109 365 3168 immo
384 3107 580 3178 iniuriosum,
599 3105 717 3167 etiarnsi
732 3105 869 3166 inritum=
891 3100 1038 3179 quIcquid

55 3209 118 3253 non
135 3191 250 3265 efficis,
272 3192 321 3250 dei
337 3207 447 3251 munus
463 3199 524 3264 est,
547 3191 655 3250 iniurIa
671 3206 759 3262 vero,
776 3190 922 3264 quicquid
936 3194 1036 3262 optas.

55 3277 103 3350 [id
120 3278 217 3350 aprum
238 3276 318 3349 qnod
335 3276 447 3352 opica]
472 3283 519 3334 sat
539 3282 601 3335 est:
628 3273 681 3333 tibi
703 3289 764 3333 non
785 3274 871 3332 aliter
889 3272 1037 3332 debemus

55 3358 164 3430 irasci,
185 3357 317 3432 quamsi
334 3358 511 3432 perfeceris.

116 3440 253 3504 XXVIII.
284 3441 337 3516 „Si
359 3449 444 3514 vota,
469 3440 580 3517 inquit,
602 3442 789 3501 valuissent.
812 3434 892 3497 etin
912 3434 1063 3494 hocve-l
