2346 3832
259 192 312 254 DE
332 193 544 254 BENEFICHS
566 194 639 254 LIB.
652 194 702 255 111.
724 204 857 260 33-36.
1005 199 1047 265 57

129 344 254 405 XXXV.
284 345 346 404 Iam
368 352 488 420 tempus
511 354 558 407 εει
579 349 729 421 quaedam
750 365 788 407 ex
811 360 933 426 nostra,
956 360 988 414 ut
1008 355 1076 417 ital

67 428 182 501 dicam,
207 437 333 489 moneta
347 430 492 504 proferri.
529 430 584 503 Qui
606 432 634 490 id
659 431 841 493 beneficium
863 435 961 508 dedit,
987 455 1047 512 quo

67 522 113 575 cst
134 511 254 588 aliquid
276 511 400 587 meiius,
424 520 527 588 potest
546 513 636 574 vinci.
667 524 753 590 pater
769 517 852 577 dedit
866 518 928 577 titio
946 520 1047 580 vitam.

67 605 232 658 astantem
248 597 364 671 aliquid
380 595 441 657 vita
455 597 579 657 melius:
602 599 642 658 ita
657 608 743 674 pater
754 601 836 660 vinci
849 609 958 678 potest,
976 603 1048 678 quia

67 682 150 742 dedit
163 680 368 754 beneficium,
386 699 447 756 quo
463 689 510 741 εει
520 682 635 756 aliquid
648 683 767 744 melius.
803 687 982 747 Etiamnunc
996 687 1075 761 quin

67 765 149 826 dedit
163 764 258 825 alicui
274 765 381 838 vitam,
404 767 430 824 si
445 766 539 824 semei
557 773 586 825 et
600 767 707 826 iterum
724 769 868 829 liberatus
882 779 929 831 est
940 773 1046 832 mortis

67 851 220 924 periculo,
250 848 349 909 maius
371 850 490 923 accepit
515 849 695 910 beneficium
723 869 812 926 quam
839 855 931 914 dedit.
959 864 1047 929 pater

67 942 164 993 antem
181 933 275 992 vitam
291 932 386 992 dedit:
407 940 510 1006 potest
525 949 614 1008 ergo,
635 936 660 993 si
676 937 801 1010 saepius
817 939 952 1011 periculo
965 956 1045 999 mor-

67 1018 102 1076 tis
112 1018 262 1078 liberatus
275 1031 293 1074 a
306 1015 367 1076 filiu
380 1017 481 1089 fuerit,
497 1016 596 1075 maius
608 1018 789 1078 beneficium
801 1022 942 1096 accipere
954 1039 1045 1098 quam

68 1100 157 1161 dedit.
198 1099 258 1173 Qui
272 1099 454 1160 beneficium
470 1099 596 1175 accipit,
619 1102 715 1160 maius
732 1102 856 1177 accipit,
874 1123 935 1179 quo
948 1107 1074 1181 magis3

67 1200 101 1244 eo
116 1183 244 1258 indiget.
275 1183 373 1258 magis
389 1191 488 1244 autem
503 1185 619 1258 indiget
633 1184 703 1258 vita,
720 1186 772 1259 qui
787 1187 867 1259 vivit,
885 1205 975 1262 quam
993 1192 1045 1264 qui

66 1274 153 1328 natus
168 1284 234 1328 non
251 1275 312 1341 est,
334 1276 366 1328 ut
381 1270 433 1343 qui
448 1285 486 1328 ne
506 1267 644 1342 indigere
657 1269 780 1342 quidem
793 1271 916 1329 omnino
932 1274 1044 1345 possit:
1102 1333 1104 1336 ,

67 1351 163 1412 maius
188 1367 265 1426 ergo
284 1351 466 1412 beneficium
482 1350 593 1426 accipit
609 1358 709 1426 pater,
735 1350 761 1411 si
778 1353 902 1412 vitame
916 1354 979 1413 filio
995 1371 1044 1414 ac-

68 1434 150 1511 cipit,
175 1452 270 1510 quam
292 1434 373 1495 filius
396 1453 414 1494 a
435 1444 536 1510 patre,
562 1438 646 1510 quod
661 1443 750 1496 natus
767 1444 823 1497 cst.
860 1436 976 1511 „Patris
993 1439 1074 1500 bet

66 1519 175 1579 neficia
196 1519 278 1578 vinci
302 1536 319 1578 a
340 1520 392 1578 filii
410 1520 567 1580 beneficiis
583 1537 643 1579 non
659 1528 799 1596 possunt.
835 1529 952 1596 quare?
974 1522 1045 1597 quia

65 1603 154 1662 vitam
178 1601 301 1676 accepit
321 1613 455 1677 epatre:
480 1620 569 1677 quam
588 1604 646 1664 nisi
663 1607 850 1680 accepisset,
873 1607 956 1665 nulla
972 1607 1045 1666 dare

65 1685 216 1746 beneficia
234 1687 416 1761 potuisset.“
451 1688 517 1746 Hoc
535 1702 694 1748 commune
710 1697 757 1748 est
773 1690 849 1764 patri
866 1706 933 1749 eum
949 1691 1043 1750 omni·

66 1770 136 1844 bus,
161 1771 214 1844 qui
230 1771 323 1829 vitam
338 1770 428 1830 alicui
445 1771 603 1830 dederunt.
632 1789 693 1831 non
712 1776 885 1846 potuissent
901 1776 979 1833 enim
995 1791 1042 1833 re-

67 1855 144 1916 ierre
166 1854 311 1930 gratiam,
339 1853 398 1912 nisi
419 1855 510 1914 vitam
527 1856 736 1929 accepissent:
759 1872 832 1929 ergo
850 1873 907 1915 nec
922 1858 1042 1918 medico

66 1939 94 1998 in
116 1942 217 2000 maius
237 1937 335 2013 gratia
349 1938 454 1996 referri
469 1946 580 2013 potest.
608 1939 686 1997 sciet
702 1939 781 1996 enim
796 1939 934 1997 medicus
952 1941 1042 1997 vitam

66 2023 147 2084 dare.
177 2039 236 2082 nec
252 2030 376 2096 nautae,
401 2023 426 2081 si
442 2025 622 2095 naufragum
637 2022 769 2081 sustulit.
792 2022 874 2095 atqui
891 2022 1043 2080 ethorum

66 2114 93 2165 et
112 2108 259 2179 aliorum,
283 2107 334 2181 qui
356 2106 458 2181 aliquo
479 2107 571 2165 modo
588 2106 677 2165 nubis
695 2106 787 2165 vitam
803 2105 967 2178 dederunt,
990 2105 1041 2164 be-

66 2191 174 2252 neficia
196 2189 278 2249 vinci
302 2197 448 2265 possunt:
472 2206 544 2264 ergo
568 2197 598 2250 et
613 2197 732 2264 patrum
749 2184 888 2265 pessunt.
925 2189 958 2249 Si
974 2189 1071 2265 quiss

65 2276 133 2334 mihi
154 2273 340 2334 beneficium
364 2273 462 2347 dedit,
493 2275 577 2348 quod
606 2277 765 2334 multorum
797 2274 955 2334 benefieiis
989 2274 1041 2333 ad·
1131 2293 1134 2298 ·

66 2357 231 2418 iuvandum
257 2364 354 2431 esset,
382 2373 439 2431 ego
454 2365 554 2417 autem
570 2358 611 2415 iiii
631 2358 813 2418 beneficium
835 2357 907 2417 dedi
928 2357 1041 2430 idiemt,

67 2444 147 2517 quod
167 2442 283 2502 nuliius
306 2447 410 2514 egeret
429 2442 594 2514 adiutori0,
617 2441 714 2502 maius
730 2439 801 2500 dedi
818 2458 910 2515 quam
925 2442 1041 2515 accepi.

67 2535 149 2599 pater
163 2526 235 2586 filio‘
247 2525 338 2584 vitam
355 2525 439 2584 dedit
454 2525 633 2599 perituram,
654 2525 713 2585 nisi
728 2527 821 2583 muita
835 2522 1043 2582 accessissent

67 2627 142 2684 quae
168 2610 253 2670 iilam
274 2614 438 2670 tuerentur.
470 2609 550 2668 fitius
572 2611 649 2682 patri
670 2610 697 2668 si
719 2609 803 2667 dedit
823 2607 930 2677 vitam,
960 2605 1043 2664 dedit

67 2708 142 2768 eam,
168 2709 251 2770 quae
271 2693 383 2752 nullius
405 2692 595 2752 desideraret
616 2691 761 2751 auxilium
781 2691 812 2748 in
827 2689 900 2761 hoc,
925 2694 957 2747 ut
973 2705 1042 2763 per-

67 2785 215 2839 maneret=
238 2793 313 2850 ergo
330 2778 428 2836 maius
444 2776 627 2836 beneficium
643 2775 762 2848 accepit
773 2790 791 2833 a
802 2774 864 2833 iilic
877 2781 972 2847 pater,
989 2774 1041 2848 qui

66 2863 150 2924 vitam
166 2861 305 2936 accepit,
330 2877 420 2935 quam
434 2861 502 2934 ipse
518 2859 560 2918 itti
576 2859 669 2919 dedit.
735 2913 738 2920 .

119 2945 260 3006 XXXVI.
287 2944 370 3004 Haec
388 2960 449 3005 non
466 2945 627 3003 destruunt
642 2949 797 3017 parentum
813 2943 1069 3010 venerationeml

65 3044 115 3091 nec
129 3027 305 3092 deteriores
322 3027 381 3087 iilis
396 3029 509 3089 liberos
524 3027 653 3098 iaciunt,
675 3023 767 3085 immo
780 3025 869 3085 etiam
882 3026 1039 3085 meliores:

67 3123 168 3177 natura
190 3113 273 3174 enim
294 3113 429 3185 gloriosa
452 3113 547 3173 virtus
570 3117 618 3169 εει
638 3118 667 3169 ει
681 3111 795 3169 anteire
813 3110 931 3185 priores
949 3110 1040 3184 cupit.

65 3199 202 3260 aiacrior
223 3198 282 3257 erit
302 3196 416 3271 pietas,
439 3197 466 3255 si
488 3196 528 3254 ad
548 3193 707 3252 reddenda
727 3193 877 3253 beneficia
892 3209 960 3252 cum
976 3191 1039 3249 vin-

66 3285 149 3343 cendi
166 3297 227 3357 spe
242 3279 370 3340 venerit.
407 3279 488 3354 ipsis
504 3277 641 3353 patribus
658 3277 688 3335 id
701 3276 873 3336 veientibus
888 3276 1040 3348 laetisque

65 3367 238 3442 contigerit,
258 3364 401 3437 quoniam
414 3365 560 3437 pleraque
572 3367 656 3432 sunt,
674 3361 703 3418 in
716 3360 827 3434 quibus
840 3367 945 3418 nostro
958 3357 1039 3415 bono

65 3449 221 3511 vincimur.
254 3447 344 3507 Unde
358 3455 509 3508 certamen
520 3454 581 3505 tam
597 3444 752 3518 optabile?
773 3443 855 3501 unde
870 3446 981 3500 tantam
998 3438 1068 3492 tea
1118 3493 1121 3503 ,
