2364 3840
225 192 277 253 nn
298 193 511 256 annuamus
528 196 602 256 cm.
617 198 667 282 m.
690 207 821 262 rr-ao.
975 201 1017 267 47

39 350 100 410 sub
117 347 233 424 dispari
250 347 334 408 titulo
350 346 437 422 paria
450 347 479 407 in
496 348 564 408 illos
579 349 679 408 licent·
712 351 796 425 atqui
809 352 880 413 dant
894 355 1018 428 regibus

40 432 123 506 suis,
147 432 219 491 dant
234 432 469 506 imperatoribus
485 433 648 491 beneficia:
673 449 746 507 crgo
763 441 792 494 et
808 441 905 509 [seror]
923 438 1018 498 domi-

39 519 100 576 nis.
135 516 240 576 Potest
254 532 364 576 servus
379 517 476 575 iustus
486 525 579 590 esse,
602 525 704 590 potest
719 518 820 592 tortis,
837 527 940 593 potest
954 538 1016 580 ma·
1031 531 1050 584 4

39 602 92 678 gni
108 600 309 681 animiaergo
332 605 361 658 et
380 599 562 660 beneficium
584 601 657 659 dare
679 609 790 675 potest.
821 620 890 662 nam
914 604 1016 664 ethoc

38 683 159 744 virtutis
176 691 231 744 est.
267 684 357 745 Adeo
374 684 496 759 quidem
518 684 648 744 dominis
670 684 751 745 servi
771 686 922 748 beneficia
944 704 1016 763 pos-

41 777 114 829 sunt
129 769 217 842 darc;
235 776 269 828 ut
283 767 371 842 ipsos
387 783 482 843 saepe
496 768 699 828 beneficii'sui
715 771 850 830 fecerint.

104 853 180 911 XlX.
201 852 268 912 Non
286 860 333 912 εει
353 851 493 923 dubium,
518 852 590 926 quin
606 868 715 912 servus
737 854 918 914 beneficium
944 857 1047 916 darel

38 936 142 1014 possit
156 935 294 996 cuilibet:
319 951 413 1012 quare
436 951 508 1010 ergo
536 953 595 996 non
619 944 647 996 et
667 937 790 996 domino
818 955 874 998 suo
897 941 1017 1013 possit?

39 1020 138 1097 „Quia
154 1038 214 1081 non
232 1027 342 1095 potest,
359 1020 470 1094 inquit,
488 1020 620 1080 creditor
637 1019 752 1080 domini
767 1023 814 1081 sui
827 1021 906 1095 fieri,
925 1024 950 1083 si
964 1040 1016 1098 pe-

40 1106 162 1166 cuniam
176 1105 218 1162 illi
234 1105 360 1164 dederit.
381 1104 525 1178 Alioquin
543 1103 653 1165 cotidie
668 1104 823 1166 dominum
838 1122 926 1165 suum
941 1108 1017 1166 obli-

39 1195 107 1264 gat:
131 1188 374 1263 peregrinantem
391 1189 543 1263 sequitur,
565 1203 659 1260 aegro
675 1188 860 1248 ministratur
881 1189 947 1250 eius
973 1192 1015 1249 la·

38 1273 117 1333 bore
132 1287 249 1332 summo
268 1274 375 1349 [colitlz
402 1273 502 1331 omnia
523 1279 623 1330 taurea
647 1272 720 1344 ista,
746 1288 826 1346 quac
845 1273 903 1331 alio
928 1289 1016 1346 prae-

40 1363 141 1417 stante
156 1356 306 1416 beneficia
327 1356 513 1429 dicerentur,
537 1362 712 1430 praestante
734 1371 825 1415 servo
850 1355 1017 1415 ministeria

40 1448 119 1501 sunt.
157 1441 339 1500 beneficium
355 1441 434 1500 enim
452 1440 560 1512 idest,
584 1440 668 1514 quod
686 1440 755 1514 quis
771 1439 869 1513 dedit,
892 1455 958 1499 cum
975 1440 1016 1498 illi

38 1525 145 1583 li'ceret
159 1531 189 1583 et
202 1540 263 1584 non
281 1525 363 1583 dare.
393 1540 502 1584 servus
520 1532 618 1583 autem
634 1541 693 1583 non
709 1523 802 1583 habet
816 1524 947 1597 negandi
961 1539 1016 1597 po·

38 1615 196 1668 testatem:
218 1609 258 1667 ita
278 1624 340 1667 non
361 1614 510 1682 praestat,
534 1608 590 1667 sed
604 1614 705 1681 paret,
729 1624 787 1667 nec
802 1608 833 1666 id
849 1623 883 1666 se
904 1608 1016 1666 iecisse

38 1690 147 1762 iactat,
171 1692 254 1764 quod
270 1706 331 1748 non
347 1692 449 1749 lacere
469 1708 529 1750 non
550 1693 676 1764 potuit.“
713 1692 775 1750 lam
797 1691 854 1751 sub
876 1692 934 1750 ista
949 1694 1051 1765 leget

37 1775 160 1832 vincam
181 1780 211 1831 et
232 1789 269 1831 eo
293 1774 457 1846 perducam
482 1789 618 1845 sermm,
639 1781 673 1833 ut
695 1775 725 1831 in
746 1776 838 1835 multa
864 1775 941 1835 liber
962 1776 1015 1834 sit:
1054 1797 1057 1801 ·

39 1855 160 1918 interim
176 1855 225 1914 dic
241 1855 329 1929 mihi,
352 1857 378 1913 si
394 1856 446 1914 tibi
462 1855 626 1915 ostendero
643 1857 773 1930 aliquem
789 1861 936 1934 [servum]
958 1876 1015 1932 pro

39 1942 141 2000 salute
158 1939 272 1999 domini
295 1939 343 1998 sul
364 1938 431 1997 sinc
445 1947 589 2012 respectu
610 1940 657 1997 sui
678 1939 871 2008 dimicantem
893 1949 923 2000 et
944 1958 1015 2000 con-

37 2026 159 2083 lossum
186 2023 379 2094 volneribus,
402 2021 548 2097 reliquias
570 2030 669 2082 tamen
696 2021 853 2097 sanguinis
880 2023 918 2081 ab
938 2023 1016 2098 ipsis

35 2109 182 2168 vitalibus
200 2107 376 2168 tundentem
392 2115 435 2180 et,
457 2114 489 2166 ut
503 2106 553 2165 ille
574 2105 739 2180 effugiendi
759 2115 879 2180 tempus
895 2106 1015 2177 habeat,

32 2208 155 2252 moram
172 2208 228 2252 sua
249 2197 345 2251 morte
368 2197 578 2265 quaerentem:
599 2190 680 2250 hunc
700 2197 732 2251 tu
752 2191 878 2264 negabis
900 2191 1015 2250 benefi-

34 2279 119 2338 cium
136 2276 275 2347 dedisse,
293 2276 363 2350 quia
376 2291 485 2335 servus
501 2281 568 2335 cst?
586 2273 617 2333 Si
629 2274 682 2334 tibi
694 2274 859 2334 ostendero
872 2275 1014 2350 aliquem,
1030 2292 1049 2346 3

31 2369 68 2421 ut
88 2366 208 2418 secreta
224 2359 337 2418 domini
354 2359 476 2432 prodat,
492 2360 575 2418 nulla
585 2359 706 2435 tyranni
719 2357 936 2433 pollicitatione
949 2375 1015 2418 cor-

30 2450 180 2517 ruptum,
205 2442 295 2501 nullis
306 2443 439 2502 territum
455 2442 558 2515 minis,
582 2442 672 2501 nullis
696 2443 879 2501 cruciatibus
903 2442 1016 2501 victum

32 2525 191 2588 avertisse
210 2532 352 2599 quantum
368 2527 501 2600 potuerit
516 2527 711 2599 suspiciones
731 2524 906 2598 quaerentis
928 2531 957 2581 et
971 2523 1014 2580 in-

33 2608 190 2688 pendisse
206 2610 344 2685 spiritum
362 2610 448 2668 fidei:
470 2610 552 2668 hunc
566 2619 597 2668 tu
613 2607 740 2682 negabis
762 2606 944 2664 beneficium
961 2605 1014 2663 do-

28 2695 121 2756 mino
142 2692 283 2765 dedisse,
309 2693 380 2768 quia
400 2709 509 2752 servus
531 2700 599 2752 esta
633 2691 714 2749 Vide
734 2705 773 2748 ne
799 2704 836 2748 eo
857 2689 955 2748 maius
978 2687 1052 2751 sill

30 2794 100 2856 quo
117 2777 216 2837 rarius
233 2785 280 2838 est
295 2778 468 2850 exemplum
486 2777 602 2836 virtutis
619 2777 648 2833 in
665 2773 762 2831 servis
785 2788 885 2846 eoque
900 2772 1014 2847 gratius

29 2861 137 2941 quod,
163 2875 231 2919 cum
253 2863 316 2920 lere
336 2860 435 2919 invisa
454 2861 580 2934 imperia
602 2860 663 2917 sint
680 2863 709 2916 et
731 2857 829 2916 omnis
844 2858 1014 2916 necessitas

26 2944 156 3024 graviS,
182 2959 343 3004 commune
358 2944 512 3004 servitutis
535 2943 635 3002 odium
659 2939 687 2998 in
706 2940 807 3014 aliquo
831 2940 944 3001 domini
965 2957 1013 2998 ca-

24 3033 111 3092 ritas
127 3028 208 3086 vicit.
232 3029 276 3087 lta
292 3043 352 3086 non
368 3028 437 3087 ideo
453 3026 634 3085 beneficium
651 3041 711 3084 non
729 3030 789 3097 est,
807 3025 908 3098 quiaa
922 3040 1014 3084 servo

30 3114 211 3191 proiectum
227 3119 287 3184 est,
312 3110 366 3169 sed
384 3110 453 3170 ideo
466 3110 581 3182 maius,
598 3110 669 3183 quia
685 3109 838 3167 deterrere
853 3107 891 3166 ab
907 3109 956 3167 illo
976 3121 1015 3165 nc

31 3196 173 3259 servitus
191 3195 314 3270 quidem
329 3192 436 3268 potuit.

98 3281 163 3339 XX.
184 3280 287 3352 Errat,
311 3278 336 3337 si
353 3275 421 3352 quis
439 3277 591 3336 existimat
605 3278 780 3336 servitutem
798 3275 828 3334 in
850 3281 944 3334 totum
960 3272 1015 3332 ho·
1032 3277 1047 3327 l.

32 3364 151 3426 minem
169 3363 375 3424 descendere:
398 3377 470 3434 pars
492 3361 598 3421 melior
624 3362 689 3421 cius
711 3367 842 3433 excepta
863 3363 924 3416 est:
948 3371 1014 3413 cor-

32 3465 116 3527 pora
140 3448 273 3508 obnoxia
292 3453 363 3507 sunt
384 3453 413 3505 et
432 3445 588 3521 adscripta
610 3444 756 3516 dominis,
779 3457 865 3501 mens
893 3438 1015 3514 quidem
