2364 3840
150 181 212 245 256
435 181 469 239 L
493 180 639 239 Annam
665 178 842 239 SENECAE

151 347 235 404 veni,
257 331 419 392 sedetiam
437 347 509 391 esse
524 340 553 391 et
575 333 671 391 frusta
687 333 753 393 eius
768 333 797 393 in
821 330 960 408 scyphos
977 344 1056 388 suos
1068 328 1128 389 dei

112 434 141 486 11
152 430 222 474 cere
236 416 423 488 interipsum
435 415 559 475 bibendi
571 432 698 476 moram
721 415 808 476 Sitim
819 429 891 475 esso
902 418 1017 488 putas?
1038 412 1155 473 febris

152 509 213 573 est,
229 506 259 558 et
275 500 396 574 quiden]
412 516 449 559 eo
466 501 580 573 acrior,
597 500 681 574 qnod
696 517 759 560 non
774 506 856 559 tactu
867 512 1014 557 venarum
1031 512 1128 571 nequo

152 582 182 642 in
198 590 297 643 cutem
312 584 411 645 effuso
427 585 531 643 calore
547 583 802 658 deprehenditur,
818 583 875 642 sed
890 597 945 641 oor
960 580 1063 655 ipsum
1080 596 1120 639 ex·

153 668 257 742 coquit
271 668 406 740 luxuria,
422 668 565 725 invictum
581 669 692 726 malum
704 674 734 727 et
749 683 788 727 ex
802 665 885 725 molli
900 664 1063 739 fluidoque
1078 665 1117 723 du

153 769 219 811 rum
245 758 337 825 atque
358 752 487 826 patiens.
520 765 581 807 non
603 750 754 825 intellegis
780 750 883 811 omnia
908 748 1129 808 consuetudine

154 837 213 894 vim
229 851 315 894 suam
331 835 482 909 perderet
497 833 599 907 itaque
615 835 667 892 nix
682 834 754 908 ista,
770 836 799 895 in
819 849 880 908 qua
894 834 955 893 iam
971 831 1065 891 etiam
1079 848 1126 890 na·

153 920 237 989 tatis,
253 934 291 976 eo
304 917 443 992 pervenit
457 934 516 977 usu
532 925 562 976 et
577 916 732 978 cotidiana
747 917 896 979 stomachi
912 915 1077 988 servituto,
1099 920 1129 974 ul

153 1018 252 1076 aquae
271 1004 372 1060 locum
393 1001 535 1062 obtineat.
568 1001 693 1076 Aliquid
716 1002 816 1062 adhue
832 999 970 1076 quaerite
984 999 1036 1058 illa
1052 996 1127 1072 trigi-

154 1086 239 1159 dius,
256 1086 327 1160 quia
341 1102 397 1161 pro
412 1084 506 1145 nihilo
524 1092 571 1144 est
586 1085 740 1145 familiaris
756 1085 847 1160 rigor.

531 1278 741 1287 -—-—-

443 1421 477 1500 n
501 1416 640 1500 innui
667 1415 837 1499 anunm
943 1512 947 1521 ,

507 1571 556 1620 AD
586 1570 776 1620 LUGlLlUM

154 1687 599 1787 Nlldhllltlll
646 1681 1138 1792 tulistlllllllt

542 1852 675 1914 ursan
704 1855 738 1914 v.
758 1824 779 1865 ⁰
825 1846 829 1853 ·

576 2011 669 2020 ——-

124 2150 140 2201 1
215 2133 236 2188 l.
260 2134 624 2193 Ventusestiluens
641 2150 714 2192 aer.
737 2133 864 2207 Quidam
878 2130 1115 2191 itadefinierunt

154 2223 294 2274 ventus
316 2223 377 2275 est
397 2218 654 2275 aerlluensin
671 2234 781 2277 unam
797 2223 954 2292 partem.
977 2214 1129 2275 Haeede-

154 2298 249 2357 linitio
274 2298 394 2357 videtur
408 2300 593 2374 diligentior,
616 2299 688 2375 quia
708 2317 874 2375 numquam
888 2314 942 2358 aer
958 2305 1020 2358 torn
1035 2297 1128 2357 inmo·

154 2382 222 2441 hilis
238 2389 298 2454 est,
320 2389 353 2440 ut
373 2397 433 2441 non
449 2384 478 2442 in
494 2383 596 2458 aliqua
615 2385 654 2444 sit
668 2386 840 2459 agitatione.
874 2383 919 2441 sio
936 2382 1128 2458 tranquillum

156 2483 238 2526 mare
255 2466 377 2541 dieitur,
394 2482 463 2526 oum
478 2469 584 2528 leviter
595 2477 734 2529 movetur
748 2483 848 2543 neque
862 2467 893 2526 in
907 2481 1001 2525 unam
1014 2473 1128 2541 partem

154 2551 322 2610 inclinatur.
344 2553 451 2626 ltaque
465 2552 492 2611 si
507 2553 632 2626 legeris:

303 2655 370 2697 oum
380 2637 533 2711 placidum
543 2640 633 2696 ventis
646 2642 740 2695 staret
751 2651 843 2706 more,

154 2721 230 2778 seito
244 2721 318 2779 illud
333 2737 394 2780 nou
410 2728 506 2793 stare,
530 2720 586 2779 sed
611 2720 728 2779 sacculi
743 2717 850 2777 leviter
864 2725 895 2777 et
909 2715 970 2793 dioi
985 2713 1128 2789 tranquil·

122 2803 230 2876 ulum,
253 2803 324 2877 quia
345 2819 445 2877 neque
465 2804 525 2863 huo
540 2819 641 2878 neque
655 2803 706 2862 illo
721 2803 857 2876 inpetum
871 2799 972 2860 faeiat.
1003 2800 1088 2859 ldern
1102 2804 1128 2856 et

154 2884 192 2942 de
213 2887 284 2942 aere
304 2884 497 2946 iudicandum
520 2894 581 2960 est,
607 2903 668 2946 non
690 2902 762 2946 esse
784 2899 929 2958 umquam
945 2882 1126 2952 inmobilem,

153 2967 271 3025 etiamsi
296 2967 416 3038 quietus
437 2971 485 3029 sil.
519 2973 603 3045 quod
624 2986 663 3030 ex
684 2970 744 3030 hoo
766 2967 925 3040 intellegas
948 2967 1036 3027 licet:
1063 2979 1127 3026 oum

154 3052 201 3109 sol
214 3051 245 3108 in
260 3049 392 3143 aliquem
409 3054 546 3112 clausum
560 3056 661 3114 locum
676 3054 795 3113 infusus
810 3058 877 3125 est,
900 3051 1041 3111 videmus
1064 3065 1127 3111 cor·

153 3135 284 3209 pusoula
295 3131 419 3191 minima
433 3135 462 3194 in
479 3137 643 3197 adversum
658 3137 743 3210 ferri,
765 3137 825 3196 alia
839 3151 979 3205 sursum,
1003 3135 1064 3195 alia
1078 3134 1125 3193 de·

120 3224 138 3276 3
153 3234 256 3277 orsum
273 3216 355 3276 varie
370 3219 594 3279 oonoursantia
615 3222 696 3294 Ergo
713 3228 744 3280 ut
758 3235 867 3295 parum
882 3217 1044 3294 diligenter
1059 3233 1126 3277 oon·

153 3294 336 3375 prehendel,
352 3299 526 3375 quodvult,
543 3302 1052 3378 quidixerimluolusestmaris
1068 3299 1126 3375 agi-

153 3386 262 3457 tatio,“
286 3385 358 3460 quia
379 3385 572 3459 tranquillum
588 3401 711 3460 quoque
726 3387 870 3462 agitatur,
890 3393 921 3446 at
941 3386 993 3446 ilie
1007 3383 1127 3445 abundo
