2364 3840
284 164 426 225 NATUR.
443 163 604 237 QUAEST.
627 165 699 224 LlB.
715 166 752 223 Il.
773 174 873 228 1—6.
1009 166 1070 231 185

85 318 135 379 nic
159 324 208 377 est
228 316 322 389 enim,
344 317 398 391 qui
419 317 537 375 coelum
561 323 734 390 terramque
750 316 917 388 connectit,
943 319 996 391 qui
1011 319 1071 378 ima
1094 388 1097 393 ¹

83 417 121 460 ac
142 416 264 460 summa
283 400 329 458 sic
344 406 482 472 separat,
505 406 536 458 ut
559 399 672 471 iungat.
701 407 839 472 separat,
863 397 935 473 quia
949 401 1068 462 medius

83 483 255 544 intervenit.
283 482 392 556 iungit,
416 481 488 556 quia
505 482 624 557 utrique
641 497 697 555 per
713 480 774 541 hoc
795 482 871 541 inter
886 497 920 542 se
939 499 1068 542 consen-

84 583 140 627 sus
154 573 212 626 est.
241 582 334 640 supra
355 581 389 624 se
407 566 474 637 dat,
497 564 645 639 quicquid
666 567 786 638 accepit
800 582 818 623 a
834 566 932 624 terris.
961 582 1068 626 rursus

88 649 145 709 tim
159 650 295 709 siderum
311 649 341 707 in
357 656 477 708 terrena
492 649 684 708 transfundit.
713 648 806 722 Quasi
827 656 944 722 partem
965 650 1100 709 mundia

85 749 163 794 voco
181 741 214 792 ut
229 731 382 803 animalia,
406 731 540 790 arbusta.
573 748 642 790 nam
663 747 760 804 genus
784 733 956 792 animalium
979 733 1068 793 arbu-

84 824 264 890 storumque
286 830 356 889 pars
379 815 514 874 universi
535 822 597 888 est,
630 815 701 889 quio
721 814 752 874 iu
776 816 1069 876 consummationem
1111 850 1118 859 ν

84 900 176 960 totius
203 900 396 973 adsumptum
420 904 450 956 et
471 896 625 972 quianon
648 906 696 957 est
715 899 782 958 sine
801 899 861 960 hoc
880 901 1066 964 universum.

84 999 177 1043 unum
203 989 302 1043 autem
328 981 437 1040 animal
466 988 496 1040 et
516 997 575 1040 nna
594 981 685 1040 arbor
705 983 793 1056 qnasi
817 992 970 1058 pareest,
998 985 1069 1059 quia

85 1065 226 1142 quamvis
242 1064 379 1140 perierit,
396 1071 495 1123 tamen
507 1065 553 1133 id,
572 1079 610 1122 ex
628 1081 689 1138 quo
706 1067 797 1138 perit,
817 1074 911 1126 totum
927 1075 982 1127 est.
1006 1071 1069 1127 Aer

85 1156 210 1222 aulem,
223 1153 256 1208 ut
270 1148 424 1220 dicebam,
449 1155 478 1206 et
499 1150 585 1206 coelo
608 1153 638 1205 et
657 1149 745 1207 terris
762 1149 920 1210 cohaeret:
947 1153 1068 1225 utrique

83 1234 206 1294 innatus
222 1237 278 1292 est.
309 1230 400 1289 habet
420 1237 519 1290 autom
541 1229 688 1290 unitatem
712 1230 859 1305 quicquid
880 1233 1008 1293 alicuius
1024 1236 1068 1293 rei

85 1318 187 1376 nativa
203 1330 275 1389 pars
291 1321 347 1373 est.
370 1314 442 1372 nihil
459 1315 538 1372 enim
554 1315 689 1373 nascitur
704 1315 771 1374 sine
786 1315 908 1374 unitate.

144 1400 185 1458 V.
214 1399 307 1457 Terra
330 1403 360 1455 et
380 1413 451 1470 pars
474 1405 522 1456 est
543 1397 646 1458 mundi
665 1404 694 1456 et
714 1399 849 1457 materia.
876 1398 949 1456 Pars
972 1415 1067 1472 quare
1079 1412 1095 1465 1

84 1482 136 1556 sit,
163 1498 225 1541 non
246 1487 320 1556 puto
342 1487 371 1539 te
391 1481 660 1554 interrogatorum,
689 1490 740 1540 aut
765 1497 863 1556 aeque
888 1482 1067 1556 interroges

85 1581 181 1640 quare
202 1565 317 1623 coelum
342 1579 414 1637 pars
432 1565 485 1636 sit,
508 1564 580 1638 quia
601 1565 718 1624 scilicet
734 1582 793 1624 non
812 1566 910 1640 magis
926 1564 993 1624 sine
1008 1565 1068 1627 hoc

85 1665 178 1723 quam
193 1648 260 1708 sine
275 1647 326 1705 illa
338 1647 514 1706 universum
531 1656 633 1721 potest
647 1663 732 1720 esse,
744 1650 832 1723 -quod
853 1665 921 1709 cum
937 1649 985 1709 his
1004 1649 1067 1709 uni-

82 1748 208 1792 versum
226 1739 286 1802 est,
305 1729 348 1789 ex'
360 1731 471 1804 quibus
489 1736 664 1804 [tnquuam
678 1747 716 1790 ex
729 1733 800 1804 lroc,
817 1733 958 1792 alimenta
973 1732 1067 1793 omni-

86 1815 144 1875 hus
165 1813 360 1886 animatione,
382 1814 522 1873 omnibus
540 1814 633 1885 satis,
656 1814 798 1891 omnibus
814 1817 910 1874 stellis
927 1816 1066 1876 dividun-

85 1905 140 1958 tur.
172 1896 242 1956 hinc
256 1896 365 1956 viritim
381 1897 524 1970 singulis,
542 1896 612 1955 hinc
626 1896 685 1969 ipsi
700 1898 813 1955 mundo
830 1903 889 1956 tam
905 1901 996 1957 multa
1011 1915 1064 1973 po·
1083 1917 1100 1968 2

84 1982 182 2041 scenti
205 1979 464 2052 subministratur,
491 1979 561 2037 hinc
584 1980 749 2053 profertur,
778 1997 838 2054 quo
860 1981 1067 2040 sustineantur

83 2071 128 2125 tot
145 2065 248 2124 sidera
263 2070 324 2123 tam
339 2064 520 2135 exercitaio,
536 2069 596 2122 tom
614 2061 705 2121 avida
721 2079 775 2137 per
790 2064 869 2122 diem
883 2070 1067 2138 noctemque

82 2155 116 2208 ut
136 2146 167 2206 in
190 2163 285 2221 opere
303 2146 344 2205 ita
365 2152 416 2218 [et]
436 2146 464 2204 in
482 2153 581 2220 pastu.
609 2151 661 2218 [et]
679 2146 810 2205 omnium
827 2148 949 2222 quidem
966 2163 1067 2208 rerum

83 2237 192 2291 natura
215 2237 359 2306 quantum
382 2229 412 2287 in
432 2230 645 2290 nutrimentum
667 2230 873 2301 solsatissit,
895 2232 1067 2306 adprendit.

81 2315 216 2375 mundus
228 2321 337 2385 autem,
356 2322 499 2386 quantum
512 2313 541 2373 in
554 2322 709 2373 aeternum
725 2315 927 2386 desiderabat,
946 2316 1065 2377 invasit.

80 2397 229 2459 Pusillum
253 2398 307 2457 tibi
329 2398 502 2470 exemplum
523 2413 651 2471 magnae
666 2398 709 2458 rei
727 2415 855 2472 ponam:
878 2415 937 2458 ova
951 2407 1067 2459 tantum

83 2482 319 2556 conplectuntur
344 2480 497 2554 humoris,
525 2490 669 2553 quantum
693 2483 730 2540 ad
757 2480 898 2540 ellectum
928 2482 1066 2540 animalis

82 2563 193 2625 exituri
212 2565 286 2624 satis
301 2570 358 2623 est.

146 2648 198 2705 Vl.
226 2649 288 2705 Aer
304 2646 465 2706 continuus
482 2653 580 2705 terrae
596 2655 643 2707 est
658 2654 688 2705 et
703 2645 748 2704 sic
762 2645 939 2719 adposituS,
962 2651 996 2703 ut
1011 2651 1096 2706 sta-l

84 2728 137 2790 iim
159 2729 202 2789 ibi
223 2728 341 2789 iuturus
365 2729 417 2800 sit,
440 2731 521 2789 unde
542 2731 592 2788 illa
608 2729 794 2789 discesserit.
824 2743 896 2802 pars
912 2728 1004 2787 totius
1021 2737 1068 2788 est

82 2814 204 2886 mundi,
226 2814 282 2872 sed
306 2820 422 2886 tamen,
453 2812 598 2887 quicquid
617 2820 696 2871 terra
717 2812 747 2870 in
767 2811 941 2871 alimentum
965 2813 1064 2872 coele-

82 2895 174 2956 stium
186 2895 281 2966 misit,
296 2895 419 2969 recipit,
434 2905 467 2955 ut
479 2895 595 2955 scilicet
610 2896 750 2965 materia,
767 2909 828 2952 non
845 2911 916 2968 pars
934 2893 1067 2969 intellegi

80 2978 203 3039 debeat.
227 2994 265 3037 ex
282 2978 342 3037 hoc
365 2980 463 3039 omnis
485 2978 687 3038 inconstantia
706 2977 772 3036 eius
788 2980 996 3053 tumultusque
1010 2986 1067 3037 est.

81 3063 170 3121 Hunc
203 3062 324 3136 quidam
350 3077 389 3120 ex
415 3060 597 3122 distantibus
624 3062 817 3135 corpusculis
844 3068 877 3121 ut
906 3063 1098 3136 pulvercm2

81 3151 202 3205 struunt
222 3146 446 3219 plurimumque
467 3162 485 3203 a
508 3161 581 3204 vero
608 3146 764 3203 recedunt.
798 3162 962 3220 numquam
987 3145 1068 3204 enim

81 3228 140 3288 nisi
159 3227 292 3287 contexti
308 3243 363 3302 per
379 3229 522 3287 unitatem
538 3228 678 3302 corporis
692 3229 779 3287 nisus
795 3237 856 3302 esi,
881 3245 949 3288 cum
964 3235 1067 3302 partes

82 3310 257 3371 consentire
279 3311 318 3370 ad
341 3311 536 3371 intentionem
552 3311 682 3371 debeant
698 3319 727 3371 et
741 3312 881 3370 conferre
896 3311 986 3371 vires.
1014 3326 1067 3369 aer

81 3402 200 3468 autem,
224 3393 250 3452 si
273 3393 302 3451 in
324 3401 443 3453 atomos
465 3393 621 3468 inciditur,
644 3409 772 3468 sparsus
793 3403 849 3454 est.
877 3395 971 3453 teneri
993 3408 1066 3451 vero
