2346 3832
273 75 325 134 DE
345 75 559 135 BENEFlCllS
584 75 736 134 LlB.VII.
760 83 893 138 19-23.
1005 75 1068 141 149

86 228 194 288 redeat
208 227 249 285 ad
264 225 434 297 dominum,
453 225 554 285 bonus
571 227 661 285 sitan
680 226 788 286 malus.
819 227 914 300 quid?
938 226 1065 302 diligen-

92 327 132 373 ter
151 310 237 371 istud
258 316 448 382 excuterem,
471 310 497 368 si
514 325 575 369 non
589 309 766 381 redderem,
788 310 844 368 sed
862 310 974 368 darem.
1008 311 1065 370 Hic

87 396 174 455 locus
191 393 324 453 tabulam
341 391 451 467 poscit.

149 477 228 535 XXI.
255 474 478 552 Pythagoricus
501 475 623 550 quidam
646 482 760 535 emerat
780 483 918 535 asutore
932 474 1093 550 phacce-1

87 561 148 634 sia,
164 575 230 618 rem
241 574 382 632 magnam
393 575 454 618 non
467 558 680 634 praesentibus
690 560 830 619 nummis.
866 558 940 618 Post
950 558 1067 632 aliquot

87 645 154 704 dies
173 643 259 701 venit
280 642 319 700 ad
339 642 497 702 tabernam
516 642 692 702 redditurus
713 649 758 716 et,
780 657 848 701 cum
863 643 999 702 clausam
1014 644 1066 703 diu

88 728 239 801 pulsaret,
268 726 324 784 luit
343 726 396 800 qui
418 724 547 785 diceret:
577 724 674 800 „quid
689 726 793 799 perdis
809 733 957 801 operam?
980 734 1066 787 sutor

86 812 136 870 ille
155 825 248 884 quem
264 809 386 882 quaeris
401 811 514 880 elatus,
538 808 706 870 conbustus
720 817 776 868 est.
801 811 885 885 quod
899 810 989 870 nobis
1005 811 1064 870 lor·

85 901 171 953 tasse
187 894 349 952 molestum
370 900 431 965 est,
455 893 506 966 qui
526 893 555 950 in
578 900 734 952 aeternum
750 901 874 954 nostros
891 895 1063 968 amittimus,

85 975 139 1035 tibi
155 975 292 1048 minime,
314 975 367 1050 qui
387 977 450 1036 scis
466 977 598 1035 futurum
614 983 647 1034 ut
660 983 877 1048 renascatur,“
900 978 1018 1038 iocatus
1034 980 1064 1037 in

85 1058 333 1136 Pythagoricum.
368 1060 410 1118 At
429 1059 634 1134 philosophus
653 1064 758 1117 noster
777 1066 839 1118 tres
861 1067 913 1119 aut
935 1069 1092 1135 quatuorn

87 1143 232 1202 denarios
254 1158 316 1202 non
333 1142 427 1201 invita
441 1159 534 1202 manu
550 1144 672 1202 domum
686 1140 788 1201 retulit
804 1142 934 1202 subinde
949 1159 1062 1203 concu-

85 1227 176 1285 tiens.
208 1225 320 1284 deiode
342 1241 411 1285 cum
431 1226 683 1300 reprehendisset
701 1224 780 1284 hanc
800 1241 888 1285 suam
909 1241 970 1285 non
992 1227 1061 1286 red-

86 1310 180 1368 dendi
199 1309 321 1368 tacitam
340 1309 542 1384 voluptatem,
563 1309 742 1384 intellegens
758 1308 900 1369 arrisisse
915 1307 973 1368 sibi
988 1310 1062 1369 illud

84 1393 245 1464 lucellum,
264 1392 344 1452 redit
359 1393 398 1452 ad
415 1393 553 1453 eamdem
567 1393 722 1454 tabernam
739 1401 769 1453 et
782 1394 838 1453 ait:
868 1393 938 1466 „ille
952 1391 1005 1453 tibi
1021 1393 1063 1451 vi·

87 1477 137 1535 vit.
166 1475 264 1534 redde
284 1476 368 1548 quod
389 1475 514 1539 debes.“
555 1478 671 1536 Deinde
698 1493 753 1552 per
779 1478 924 1538 clostrum
947 1493 1007 1551 qua
1028 1492 1063 1536 se

87 1559 289 1618 commissura
303 1560 474 1632 laxaverat,
498 1568 628 1635 quatuor
643 1560 784 1619 denarios
802 1562 831 1619 in
847 1560 1003 1620 tabernam
1018 1560 1062 1618 in·

85 1642 183 1702 seruit
198 1641 351 1718 [comisit]
368 1658 485 1715 poenas
501 1660 519 1703 a
534 1660 569 1703 se
580 1642 707 1717 exigens
717 1642 866 1717 inprobae
878 1644 1061 1720 cupiditatis

84 1741 124 1784 ne
139 1727 241 1784 alieno
258 1725 464 1784 adsuesceret

147 1807 240 1867 XXII.
269 1807 356 1880 Quod
378 1809 489 1884 debes,
520 1823 633 1885 quaere
659 1811 707 1868 cui
732 1809 846 1869 reddas
872 1817 902 1869 et
927 1811 954 1869 si
974 1818 1094 1871 nemol

85 1898 210 1967 poscet,
233 1891 302 1965 ipse
316 1900 346 1950 te
360 1892 491 1966 adpelle.
519 1894 616 1952 malus
632 1908 670 1951 an
685 1892 784 1952 bonus
802 1891 880 1972 [sit]‚
904 1892 943 1951 ad
957 1899 986 1951 tc
1001 1909 1062 1951 non

84 1974 226 2049 pertinet.
254 1974 394 2035 reddeat
410 1984 439 2036 te
454 1991 576 2036 accusa.
606 1976 717 2036 oblitus
733 1991 782 2050 es,
807 1975 1062 2051 quemadmodum

84 2058 235 2118 intervos
251 2058 353 2118 officia
368 2057 467 2119 divisa
482 2060 556 2119 sint:
579 2060 620 2119 illi
637 2060 749 2120 oblivio
765 2060 913 2135 imperata
927 2065 988 2133 est,
1002 2060 1063 2120 >tibi

83 2141 262 2201 meminisse
277 2142 499 2203 mandavimus.
534 2144 623 2203 Errat
632 2151 753 2224 tamen,
776 2146 802 2205 si
819 2144 887 2219 quis
900 2143 1060 2216 existimat,

84 2240 153 2285 cum
174 2225 305 2284 dicimus
326 2241 394 2285 cum
417 2227 469 2302 qui
489 2227 672 2287 beneficium
692 2228 790 2303 dedit,
814 2229 954 2289 oblivisci
970 2244 1060 2303 opor-

82 2316 162 2382 tere,
183 2315 328 2367 excutere
343 2325 400 2370 nos
415 2310 456 2370 illi
470 2311 644 2370 memoriam
660 2312 704 2370 rei
720 2311 898 2385 praesertim
908 2311 1060 2371 honestis-

83 2393 196 2451 simae:
221 2392 371 2465 quaedam
385 2394 591 2469 praecipimus
606 2394 684 2454 ultra
700 2394 838 2466 modum,
854 2400 888 2453 ut
901 2393 941 2451 ad
956 2404 1072 2451 verum·

83 2484 112 2534 et
133 2492 224 2535 suurn
244 2474 381 2535 redeant
421 2477 494 2536 Cum
515 2478 658 2537 dicimus:
682 2475 857 2536 meminisse
877 2491 939 2533 non
960 2474 1092 2548 debet,2

82 2558 142 2618 hoc
162 2560 307 2618 volumus
328 2559 477 2634 intellegi:
502 2561 680 2635 praedicare
694 2576 755 2618 non
772 2559 863 2618 debet
875 2573 934 2617 nec
948 2558 1060 2618 iactare
1155 2584 1164 2610 ο

82 2658 141 2701 nec
161 2642 266 2715 gravis
287 2656 368 2703 esse.
405 2643 532 2718 Quidam
548 2644 628 2704 enim
648 2642 845 2716 beneficium,
867 2642 952 2717 quod
967 2642 1060 2701 dede-

82 2732 167 2796 runt,
183 2725 325 2786 omnibus
340 2727 462 2787 circulis
477 2735 609 2788 narrant.
631 2728 690 2786 hoc
706 2726 800 2787 sobrii
815 2727 988 2801 loquuntur,
1001 2726 1060 2786 hoc

82 2807 159 2866 ebrii
186 2825 249 2867 non
276 2811 445 2884 continent,
472 2811 533 2870 hoc
559 2810 670 2884 ignotis
691 2810 846 2885 ingerunt,
873 2810 933 2872 hoc
955 2810 1059 2870 amicis

83 2891 287 2951 committunt:
309 2901 343 2952 ut
356 2894 433 2953 haec
448 2895 540 2953 nimia
555 2902 585 2954 et
599 2893 813 2967 exprobratrix
828 2895 974 2956 memoria
988 2893 1059 2954 sub-

83 2975 214 3048 sideret,
239 2976 378 3035 oblivisci
399 2993 483 3050 eum,
507 2977 558 3053 qui
574 2977 670 3048 dedit,
695 2977 855 3049 iussimus,
877 2987 907 3038 et
922 2980 991 3053 plus
1006 2977 1059 3034 im-

83 3058 222 3132 perando
240 3075 331 3132 quam
346 3061 495 3135 praestari
509 3056 643 3134 poterat,
666 3061 819 3122 silentium
835 3063 999 3122 suasimus.

142 3141 250 3200 XXlll.
273 3141 418 3214 Quotiens
434 3161 541 3218 parurn
556 3143 687 3204 fiduciae
702 3147 792 3204 estin
807 3145 865 3217 his,
882 3145 992 3218 quibus
1005 3141 1058 3199 im·
1074 3145 1089 3196 1

83 3239 188 3298 peres,
211 3226 342 3300 amplius
359 3235 406 3286 est
420 3228 604 3301 exigendum
621 3244 710 3302 quam
725 3236 773 3288 sat
787 3235 848 3298 est,
873 3235 904 3287 ut
924 3231 1059 3298 praeste-

84 3314 291 3381 torquentum
307 3318 353 3369 sat
368 3317 424 3368 est.
456 3311 489 3368 ln
505 3310 563 3369 hoc
579 3312 677 3370 omnis
692 3309 863 3387 hyperbole
878 3305 1058 3373 extenditur,

83 3398 114 3449 ut
127 3391 168 3449 ad
183 3407 290 3450 verum
306 3393 467 3452 mendacio
482 3393 592 3452 veniat.
615 3393 717 3468 itaque
733 3393 797 3464 ille,
818 3407 885 3449 cum
901 3385 976 3447 dixit
