2346 3832
119 195 179 259 rra
359 156 362 163 ’
392 195 425 253 a.
447 193 593 252 aarum
613 192 787 253 sunucaa

120 349 252 424 quadam
274 346 430 406 saeviendi
452 347 537 419 lurit,
565 345 642 405 siin
664 360 717 405 ore
737 352 896 419 pareutum
915 344 1032 408 liberos
1047 347 1087 408 iu·

119 435 217 506 gulat,
232 432 259 489 si
274 447 335 490 non
350 436 509 490 coutemus
526 427 656 503 simplici
670 435 767 488 morte
781 427 955 504 distorquet
966 445 1023 490 nee
1035 432 1092 491 urit

120 518 218 574 solum
239 515 404 587 perituros,
428 513 485 572 sed
506 511 664 586 excoquit,
692 512 718 570 si
738 512 881 584 carnifex
894 512 964 572 eius
981 528 1091 573 cruore

119 606 149 658 et
163 612 286 671 semper
299 596 411 655 recenti
427 596 542 655 madet:
563 611 670 668 parum
685 602 733 654 est
743 594 816 653 huic
828 594 1014 655 beneficium
1030 613 1090 657 non

117 682 257 740 reddere.
280 677 425 752 quicquid
440 687 504 736 erat
518 694 579 752 quo
594 677 666 737 mihi
680 677 868 751 cohaereret,
891 677 1037 738 intercisa
1047 680 1089 739 iu-

89 764 159 829 9ris
175 762 297 822 hannani
314 761 445 820 societas
460 760 598 820 abscidit.
635 759 667 820 Si
683 760 886 835 praestitisset
900 761 1026 835 quidem
1040 763 1090 821 ali-

120 846 191 921 quid
206 844 291 916 mihi,
317 843 373 902 sed
384 858 467 901 arma
479 846 595 917 patriae
606 859 692 902 meae
708 843 846 903 interret:
867 844 1016 918 quicquid
1030 861 1089 904 me-

118 935 220 987 ruerat
235 925 421 1000 perdidisset
432 935 461 985 et
475 926 590 985 reterre
604 925 645 985 illi
658 925 783 1000 gratiam
799 926 902 986 scelus
917 926 1089 988 haberetur.

119 1010 229 1091 sinon
252 1009 379 1082 patriam
401 1023 499 1068 meam
518 1009 683 1083 inpugnat,
705 1008 761 1067 sed
783 1025 858 1069 suae
878 1011 984 1083 gravis
1000 1019 1091 1071 estet

119 1093 275 1166 sepositus
291 1109 310 1150 a
324 1107 392 1151 mea
405 1100 495 1166 gente
511 1108 597 1151 suam
611 1090 758 1165 exagitat,
775 1091 926 1152 abscindit
940 1092 1090 1154 nihilomi-

119 1193 177 1235 nus
188 1177 270 1235 illum
279 1183 361 1235 tanta
371 1176 504 1250 pravitas
515 1176 662 1246 animi[et]
671 1175 857 1234 etiamsinon
867 1174 1032 1250 inimicum,
1047 1176 1090 1235 iu-

119 1260 218 1319 visum
234 1258 306 1318 mihi
321 1259 415 1318 elficit
429 1259 573 1333 priorque
585 1257 656 1316 mihi
668 1273 704 1315 ae
716 1257 815 1331 potior
825 1258 891 1317 eius
904 1258 1001 1317 officii
1013 1259 1089 1318 ratio

120 1350 180 1415 est,
210 1344 294 1417 quod
314 1342 446 1401 humano
462 1340 565 1415 generi
581 1355 673 1414 quam
688 1340 770 1413 quod
784 1340 835 1399 uni
850 1341 967 1401 homini
982 1340 1089 1402 debeo.

93 1441 108 1492 1
184 1427 245 1485 XX.
275 1423 338 1483 Sed
354 1426 492 1497 quamvis
507 1424 565 1482 hoc
580 1425 621 1482 ita
637 1424 676 1482 sil
690 1432 719 1484 et
733 1438 772 1482 ex
787 1440 824 1483 eo
838 1429 978 1498 tempore
992 1426 1091 1484 omnia

121 1509 190 1567 mibi
207 1509 235 1565 in
252 1508 333 1565 illum
349 1507 407 1565 sint
420 1506 529 1578 libera,
553 1522 591 1564 ex
608 1523 669 1580 quo
687 1507 911 1581 corrumpendo
928 1509 976 1566 tas
992 1524 1089 1579 omne,

120 1599 152 1649 ut
168 1590 239 1648 uilril
255 1591 284 1647 in
300 1605 368 1647 eum
383 1588 469 1647 netas
484 1596 580 1663 esset,
605 1589 753 1648 effecerit:
776 1590 857 1648 illurn
874 1589 948 1649 mihi
964 1606 1090 1650 servan-

120 1674 191 1731 dmn
213 1673 334 1730 :niodum
356 1671 493 1744 credam,
514 1680 560 1744 ut,
584 1671 610 1730 si
625 1673 804 1731 beneficium
818 1672 861 1731 illi
875 1688 977 1733 meum
992 1689 1091 1749 neque

120 1755 199 1813 viros
223 1754 353 1814 iratiores
375 1754 513 1815 daturum
528 1757 619 1814 estin
634 1755 754 1814 exitium
771 1770 930 1815 corrrmune
945 1772 1004 1816 nee
1019 1773 1090 1818 con·

120 1838 306 1899 tlrmuturmn
319 1854 395 1914 quas
412 1838 510 1912 habet,
530 1838 561 1898 id
576 1846 675 1898 autem
689 1837 753 1910 erit,
770 1838 853 1910 quod
867 1838 910 1897 illi
923 1841 1013 1899 reddi
1026 1841 1089 1901 sint

91 1934 108 1986 ‘r
131 1922 255 1983 tornioie
271 1922 392 1998 publica
408 1923 520 1996 possit,
541 1921 676 1981 reddam.
710 1920 846 1980 Servabo
862 1921 957 1981 lilium
970 1924 1036 1982 eius
1048 1924 1091 1983 in·

133 2015 247 2066 alitum:
271 2006 343 2081 quid
359 2006 418 2064 hoe
433 2005 614 2064 beneficium
629 2004 716 2063 obest
728 2005 867 2078 cuiquam
878 2020 995 2076 eorum,
1014 2023 1091 2081 quos

120 2090 283 2147 :uunirlitns
306 2089 372 2146 eius
393 2089 526 2146 lacerat?
554 2086 729 2159 pecuniam,
759 2103 838 2162 quae
858 2088 1020 2148 satellitem
1041 2091 1091 2150 sti·

120 2170 231 2239 pratillo
249 2176 362 2239 tir-riom,
386 2184 446 2226 uon
462 2169 706 2229 subministrabo.
743 2168 980 2231 Simarmoraet
993 2183 1092 2233 vestes

119 2248 353 2319 :losidoravorit,
377 2249 449 2306 nibil
471 2250 569 2309 oberit
588 2252 792 2326 cuiquamid,
814 2268 874 2328 quo
889 2255 1013 2315 luxuria
1026 2255 1092 2316 eius

86 2336 103 2387 t
120 2329 291 2389 instruitur:
313 2330 436 2390 militem
452 2341 481 2392 et
496 2349 579 2393 arnna
590 2351 650 2395 non
663 2335 834 2410 subgeram.
871 2335 903 2396 Si
914 2353 972 2412 pro
984 2354 1092 2413 magno

120 2419 201 2485 liutet
222 2429 346 2473 munere
367 2415 499 2475 artifices
518 2433 630 2477 scenae
646 2426 675 2478 et
690 2427 791 2479 scorta
806 2428 835 2480 et
851 2435 931 2494 quae
947 2421 1092 2482 feritatem

118 2495 184 2554 cius
208 2499 376 2571 emolliant,
406 2497 505 2558 libens
527 2500 662 2560 olleram.
695 2502 744 2561 cui
763 2502 902 2562 triremes
924 2511 954 2563 el
974 2515 1091 2566 aeratas

118 2594 178 2637 :ron
195 2581 357 2656 mitterem,
377 2583 508 2642 lusorias
524 2591 553 2642 et
574 2585 762 2644 cubiculatas
782 2592 812 2644 et
826 2585 885 2644 alia
901 2586 1034 2647 ludibria
1047 2605 1091 2648 re·

117 2676 188 2729 guin
216 2666 244 2722 in
265 2667 339 2725 mari
360 2665 579 2726 lascivientium
593 2667 721 2726 mittam:
744 2673 774 2726 et
788 2667 814 2727 si
829 2683 869 2726 ex
884 2675 947 2731 toto
962 2672 1029 2731 eius
1045 2687 1091 2730 sa·

117 2742 194 2801 uitus
222 2747 386 2822 desperata
403 2751 506 2822 tuerit,
530 2749 636 2809 eadem
651 2766 743 2808 manu
756 2749 939 2811 beneficium
954 2754 1091 2814 omnibus

117 2822 212 2913 didio,
234 2829 275 2888 illi
289 2833 431 2892 reddam:
453 2834 597 2909 quoniam
613 2833 740 2906 ingeniis
755 2833 866 2892 talibus
882 2836 984 2896 exitus
998 2852 1090 2897 reme·

117 2906 198 2997 :lirim
221 2919 269 2969 cst
290 2915 499 2992 optimumque
518 2925 565 2976 est
584 2916 667 2976 abire
687 2915 730 2988 ei,
755 2917 807 2991 qui
821 2915 861 2976 ad
876 2933 913 2982 se.
927 2934 1090 2995 numquam

85 3000 99 3045 ·t
117 2988 268 3080 imitturus
284 3003 340 3056 est.
375 2997 436 3058 Sed
452 3001 527 3060 haec
542 3016 611 3059 rara
624 2999 760 3073 nequitia
777 3009 825 3060 est
839 3007 870 3060 et
884 3017 1010 3076 semper
1023 3020 1090 3079 por·

117 3078 187 3161 turm
210 3075 278 3133 ioco
299 3077 417 3152 habita,
440 3083 518 3143 sicut
538 3083 637 3142 hiatus
653 3090 751 3141 terrae
765 3091 796 3142 et
810 3099 827 3142 e
842 3087 983 3144 cavernis
1000 3086 1088 3145 maris

117 3168 228 3217 tertium
251 3161 380 3234 eruptio.
413 3164 516 3238 itaque
537 3165 574 3224 ab
593 3166 643 3224 illa
657 3167 851 3227 recedamus:
875 3167 914 3226 de
931 3169 969 3229 iis
984 3170 1088 3245 loqua-

82 3252 180 3294 attuit·
203 3240 296 3312 uitiis,
320 3259 399 3317 quae
421 3247 606 3307 detestamur
626 3249 692 3308 sine
712 3250 847 3310 horrore.
881 3251 961 3310 Huic
976 3252 1089 3314 homini

115 3322 209 3389 tituto,
233 3340 323 3399 :qinom
340 3325 476 3387 invenire
491 3330 520 3388 in
537 3331 673 3404 quolibet
684 3334 750 3393 toro
761 3350 905 3409 possum,
926 3351 1019 3410 quem
1033 3339 1090 3398 siu·

115 3404 176 3467 tuli
192 3402 308 3479 lituum,
331 3408 456 3468 reddam
471 3411 666 3489 beneficium,
687 3416 771 3489 quod
784 3418 900 3491 accepi.
923 3434 1090 3496 nonopor·

115 3496 155 3543 tut
176 3490 246 3549 rutilii
270 3492 433 3569 treqttitiam
454 3495 519 3554 eius
541 3495 701 3568 prodesse.
730 3500 813 3569 quod
836 3515 937 3560 meum
952 3519 1017 3564 nou
1034 3514 1088 3576 est,
