2364 3840
274 188 415 250 NATUR.
432 188 593 263 Qunusr.
613 191 686 250 LlB.
702 193 737 250 ll.
756 202 889 257 54-58.
1006 193 1071 258 209

90 341 252 402 Ciceronis
263 342 371 402 umbra
383 343 559 418 pressisset,
580 342 760 403 Etiamnunc
771 345 822 405 illo
835 346 930 406 verbo
942 347 1067 408 uteban·
1082 365 1100 415 2

91 435 141 486 tur
163 425 280 501 antiqui
299 435 461 500 correpto,
484 443 545 501 quo
560 442 618 487 nos
634 429 785 502 producta
800 446 861 489 una
876 431 996 506 syllaba
1010 432 1066 492 uti-

90 526 173 570 mur:
199 510 328 569 dicimus
342 511 421 569 enim
436 517 468 569 ut
483 511 694 585 splendere
715 513 759 572 sic
775 514 934 586 fulgere.
964 520 994 572 at
1008 515 1067 574 illis

88 593 131 652 ad
152 591 385 668 significandam
405 593 485 653 hanc
505 609 523 652 e
544 593 674 655 nubibus
696 596 816 656 subitae
837 597 915 656 lucis
933 597 1066 672 eruptio-

90 691 161 736 nem
188 692 256 736 mos
282 685 349 737 erat
372 684 513 751 correpta
532 679 634 737 media
657 679 775 756 syllaba
794 681 853 754 uti,
879 687 912 740 ut
932 681 1068 740 dicerent

88 759 253 834 tulgtrc.

152 843 244 902 LVII.
268 843 365 916 Quid
387 843 476 918 ipse
493 845 717 904 existimem
735 847 919 921 quaeris?
938 845 1098 906 adlrucl
1162 820 1180 871 ¹⁸³

88 926 1066 1000 enimalienisopinionibuscommodavimanum=

88 1010 200 1070 dicam.
231 1010 394 1084 Fulgurat‚
417 1027 486 1071 cum
510 1012 701 1086 repentinum
727 1013 785 1072 late
811 1013 910 1073 lumen
937 1014 1067 1074 emicuit.

90 1094 122 1153 id
138 1092 258 1167 evenit,
287 1093 338 1154 ubi
360 1109 413 1154 aer
434 1095 584 1168 inignem
607 1096 778 1155 extenuatis
794 1097 926 1157 nubibus
942 1097 1068 1158 vertitur

90 1191 147 1236 nec
161 1176 259 1248 vires,
287 1177 398 1251 quibus
413 1178 535 1251 longius
551 1177 720 1252 prosiliret,
741 1177 864 1237 invonit.
897 1180 963 1240 Non
980 1182 1099 1239 mira-2

89 1259 148 1332 ris,
173 1266 262 1334 puto,
285 1260 313 1319 si
334 1263 407 1320 aera
427 1269 478 1321 aut
492 1269 592 1321 motus
609 1268 753 1320 extenuat
767 1270 819 1321 aut
833 1263 1006 1322 extenuatio
1023 1264 1066 1321 in-

89 1343 207 1403 cendit=
233 1343 279 1403 sic
300 1344 442 1418 liquescit
456 1360 589 1404 excussa
604 1344 691 1420 glans
707 1345 801 1404 lunda
817 1352 846 1404 et
860 1345 971 1405 adtritu
987 1346 1066 1404 aeris

90 1429 172 1487 velut
196 1426 268 1501 igne
293 1427 425 1487 distillat.
457 1429 527 1488 ideo
551 1429 679 1503 plurima
700 1435 815 1488 aestate
837 1428 912 1488 fiunt
932 1429 1065 1499 fulmina,

87 1527 149 1586 qua
162 1508 326 1585 plurimum
341 1511 431 1570 calidi
446 1519 502 1571 est.
525 1513 642 1571 facilius
658 1518 757 1572 autem
774 1511 883 1572 adtritu
899 1513 1066 1571 calidorum

87 1592 168 1668 ignis
189 1593 316 1653 exsistit.
339 1593 456 1653 Eodem
477 1603 577 1656 autem
598 1596 690 1656 modo
712 1597 745 1655 fit
767 1597 882 1671 fulgur,
904 1596 988 1670 quod
1002 1600 1097 1655 tan-3

88 1685 149 1739 lum
172 1676 328 1752 splendet,
354 1684 385 1736 et
405 1679 532 1749 fulmen,
563 1680 646 1753 quod
667 1680 809 1740 incendit.
843 1680 898 1739 sed
914 1679 957 1739 illi
971 1680 1068 1739 levior

87 1761 134 1820 vis
158 1760 352 1834 alimentique
373 1761 474 1822 minus
490 1768 551 1836 est,
583 1769 626 1836 et,
658 1762 842 1822 utbreviter
864 1761 961 1822 dicam
984 1763 1067 1838 quod

88 1844 205 1915 sentio,
236 1844 349 1902 fulmen
372 1853 420 1904 est
441 1846 542 1922 fulgur
563 1844 719 1904 intentum.
751 1844 832 1918 Ergo
848 1845 899 1905 ubi
915 1846 1035 1905 calidis
1056 1879 1066 1888 -

87 1927 225 2002 midique
245 1925 370 1986 materia
390 1929 504 1988 emissa
524 1931 613 1988 terris
628 1929 657 1986 in
679 1926 777 1986 nubes
792 1927 897 1986 incidit
911 1934 941 1986 et
963 1927 1015 1986 diu
1036 1930 1065 1986 in

87 2009 206 2072 illarum
221 2011 290 2070 sinu
306 2011 439 2072 volutata
455 2018 516 2086 est,
539 2009 708 2072 novissime
723 2011 854 2085 erumpit
868 2016 912 2084 et,
936 2011 1007 2085 quia
1022 2012 1065 2070 vi·

86 2110 137 2154 res
154 2092 336 2165 nonhabet,
360 2095 508 2170 splendor
523 2102 579 2155 est.
616 2102 646 2155 at
660 2094 711 2154 ubi
726 2095 776 2154 illa
793 2094 912 2167 fulgura
926 2096 996 2169 plus
1012 2093 1098 2154 lna-4

87 2177 185 2237 buere
196 2177 354 2251 materiae,
376 2179 428 2255 [et]
444 2180 559 2238 maiore
573 2179 678 2253 inpetu
692 2186 845 2257 arserunt,
865 2179 996 2239 sednon
1012 2179 1065 2236 ad-

86 2269 199 2336 parent
214 2267 343 2334 tantum,
367 2262 423 2319 sed
438 2262 591 2322 decidunt.
628 2261 755 2337 Quidam
774 2263 947 2322 existimant
962 2263 1066 2336 utique

87 2344 203 2404 fulmen
218 2345 345 2416 reverti,
362 2344 485 2419 quidam
502 2345 678 2420 subsidere,
698 2345 750 2406 ubi
766 2347 908 2405 alimenta
921 2361 1065 2420 praegra-

85 2435 237 2488 vaverunt
251 2434 280 2485 et
295 2428 405 2486 tulmen
422 2427 481 2487 ictu
496 2429 685 2502 languidiore
700 2430 831 2488 delatum
846 2436 903 2488 est.

148 2511 254 2570 LVlll.
277 2512 341 2583 „At
363 2527 458 2584 quare
478 2512 589 2571 fulmen
606 2513 737 2572 subitum
755 2511 883 2585 adparet
897 2525 954 2568 nec
970 2509 1097 2567 conti-1

86 2602 199 2655 nuatur
217 2593 366 2653 adsiduus
381 2594 508 2668 ignist“
531 2593 603 2670 quia
619 2595 699 2654 celer
719 2595 797 2668 ignis
812 2594 949 2665 undique
964 2597 1065 2649 motus

86 2677 179 2738 simul
202 2684 232 2735 et
254 2677 352 2736 nubes
374 2679 485 2753 rumpit
506 2687 536 2737 et
558 2681 630 2737 adra
649 2675 791 2736 incendit.
825 2674 937 2734 deinde
954 2672 1066 2732 desinit

86 2761 211 2821 flamma
225 2768 309 2819 motu
325 2762 510 2839 quiescente.
540 2777 601 2820 non
618 2761 697 2819 enim
712 2759 861 2818 adsiduus
877 2765 925 2817 est
939 2756 1064 2832 spiritus

88 2859 215 2918 cursus,
232 2848 267 2902 ut
280 2845 358 2918 ignis
374 2846 474 2917 possit
489 2844 627 2917 extendi,
644 2843 700 2902 sed
717 2841 857 2916 quotiens
873 2841 980 2900 lortius
996 2840 1066 2916 ipsa

86 2929 250 2989 iactatione
271 2942 307 2985 se
329 2929 487 3000 accendit,
514 2925 650 3001 fugiendi
675 2926 810 3000 inpetum
832 2925 922 3000 capit.
954 2924 1065 2984 deinde

87 3026 155 3072 cum
178 3010 278 3070 evasit
298 3018 328 3069 et
348 3026 450 3084 pugna
471 3011 595 3083 desivit,
621 3025 658 3068 ex
675 3010 781 3068 eadem
798 3024 891 3068 causa
907 3009 998 3067 modo
1014 3024 1064 3067 us-

88 3110 148 3170 que
171 3094 212 3154 ad
237 3099 345 3152 terram
367 3095 533 3168 profertur,
560 3094 651 3153 modo
667 3099 735 3151 ante
751 3092 943 3164 dissolvitur,
970 3091 996 3150 si
1011 3093 1064 3149 ml-

87 3193 162 3238 nore
183 3175 213 3236 vi
228 3191 356 3251 pressus
378 3185 434 3237 est.
471 3178 599 3251 „Quare
616 3177 739 3251 oblique
753 3177 893 3237 ferturt“
916 3174 988 3250 quia
1003 3175 1099 3249 spi-2

87 3260 145 3322 ritu
160 3266 290 3320 constat.
312 3257 437 3334 spiritus
453 3267 553 3320 autem
569 3260 713 3336 obliquus
727 3266 774 3319 est
789 3259 1013 3333 flexuosusque
1026 3265 1065 3330 et,

88 3342 161 3419 quia
183 3350 294 3402 natura
312 3343 412 3416 ignem
436 3358 558 3402 sursum
580 3352 685 3416 vocat,
700 3342 819 3423 iniuria
833 3342 979 3403 deorsum
995 3354 1061 3399 ure

88 3427 154 3498 mit,
171 3425 278 3500 incipit
293 3425 436 3501 obliquus
448 3440 529 3485 esse.
552 3425 702 3487 interdurn
715 3430 840 3486 neutra*

129 3528 316 3569 samonam.
332 3513 364 3568 ll.
