<?xml version="1.0" encoding="UTF-8"?>
<!DOCTYPE html PUBLIC "-//W3C//DTD XHTML 1.0 Transitional//EN"
    "http://www.w3.org/TR/xhtml1/DTD/xhtml1-transitional.dtd">
<html xmlns="http://www.w3.org/1999/xhtml" xml:lang="en" lang="en">
 <head>
  <title>
</title>
<meta http-equiv="Content-Type" content="text/html;charset=utf-8" />
  <meta name='ocr-system' content='tesseract 3.04.00' />
  <meta name='ocr-capabilities' content='ocr_page ocr_carea ocr_par ocr_line ocrx_word'/>
</head>
<body>
  <div class='ocr_page' id='page_1' title='image "./lannaeisenecaeo01senegoog_0056.png"; bbox 0 0 2364 3840; ppageno 0'>
   <div class='ocr_carea' id='block_1_1' title="bbox 295 203 1070 270">
    <p class='ocr_par' dir='ltr' id='par_1_1' title="bbox 295 203 1070 270">
     <span class='ocr_line' id='line_1_1' title="bbox 295 203 1070 270; baseline 0.008 -6"><span class='ocrx_word' id='word_1_1' title='bbox 295 205 345 264; x_wconf 87' lang='lat' dir='ltr'>DE</span> <span class='ocrx_word' id='word_1_2' title='bbox 368 203 581 264; x_wconf 81' lang='lat' dir='ltr'>BENEFiCIIS</span> <span class='ocrx_word' id='word_1_3' title='bbox 603 203 676 264; x_wconf 92' lang='lat' dir='ltr'>LlB.</span> <span class='ocrx_word' id='word_1_4' title='bbox 690 205 739 263; x_wconf 86' lang='lat' dir='ltr'>ill.</span> <span class='ocrx_word' id='word_1_5' title='bbox 762 213 892 268; x_wconf 79' lang='lat'>10-13.</span> <span class='ocrx_word' id='word_1_6' title='bbox 1029 204 1070 270; x_wconf 79' lang='lat'>4³</span> 
     </span>
    </p>
   </div>
   <div class='ocr_carea' id='block_1_2' title="bbox 87 358 1098 3529">
    <p class='ocr_par' dir='ltr' id='par_1_2' title="bbox 92 358 1069 688">
     <span class='ocr_line' id='line_1_2' title="bbox 92 358 1069 433; baseline -0.001 -10"><span class='ocrx_word' id='word_1_7' title='bbox 92 379 187 424; x_wconf 89' lang='lat' dir='ltr'>unum</span> <span class='ocrx_word' id='word_1_8' title='bbox 203 365 267 421; x_wconf 91' lang='lat' dir='ltr'>erat</span> <span class='ocrx_word' id='word_1_9' title='bbox 281 358 478 418; x_wconf 82' lang='lat' dir='ltr'>beneficium:</span> <span class='ocrx_word' id='word_1_10' title='bbox 494 359 597 433; x_wconf 90' lang='lat' dir='ltr'>itaque</span> <span class='ocrx_word' id='word_1_11' title='bbox 611 358 764 418; x_wconf 91' lang='lat' dir='ltr'>aestimari</span> <span class='ocrx_word' id='word_1_12' title='bbox 777 359 872 417; x_wconf 93' lang='lat' dir='ltr'>semel</span> <span class='ocrx_word' id='word_1_13' title='bbox 887 360 991 432; x_wconf 90' lang='lat' dir='ltr'>poluit.</span> <span class='ocrx_word' id='word_1_14' title='bbox 1010 360 1069 422; x_wconf 91' lang='lat' dir='ltr'>alia</span> 
     </span>
     <span class='ocr_line' id='line_1_3' title="bbox 94 440 1068 516; baseline -0.003 -9"><span class='ocrx_word' id='word_1_15' title='bbox 94 446 218 507; x_wconf 89' lang='lat' dir='ltr'>diversa</span> <span class='ocrx_word' id='word_1_16' title='bbox 234 450 318 516; x_wconf 84' lang='lat' dir='ltr'>sunt,</span> <span class='ocrx_word' id='word_1_17' title='bbox 340 440 514 516; x_wconf 79' lang='lat' dir='ltr'>dissimilia,</span> <span class='ocrx_word' id='word_1_18' title='bbox 537 441 661 501; x_wconf 88' lang='lat' dir='ltr'>infinitis</span> <span class='ocrx_word' id='word_1_19' title='bbox 684 441 761 502; x_wconf 90' lang='lat' dir='ltr'>inter</span> <span class='ocrx_word' id='word_1_20' title='bbox 783 458 818 501; x_wconf 91' lang='lat' dir='ltr'>se</span> <span class='ocrx_word' id='word_1_21' title='bbox 839 442 1005 502; x_wconf 90' lang='lat' dir='ltr'>intervallis</span> <span class='ocrx_word' id='word_1_22' title='bbox 1024 445 1068 504; x_wconf 94' lang='lat' dir='ltr'>di-</span> 
     </span>
     <span class='ocr_line' id='line_1_4' title="bbox 93 526 1067 605; baseline -0.004 -15"><span class='ocrx_word' id='word_1_23' title='bbox 93 530 219 590; x_wconf 76' lang='lat' dir='ltr'>stantia:</span> <span class='ocrx_word' id='word_1_24' title='bbox 249 529 351 604; x_wconf 87' lang='lat' dir='ltr'>itaque</span> <span class='ocrx_word' id='word_1_25' title='bbox 377 527 433 587; x_wconf 91' lang='lat' dir='ltr'>sub</span> <span class='ocrx_word' id='word_1_26' title='bbox 459 528 572 587; x_wconf 89' lang='lat' dir='ltr'>nullam</span> <span class='ocrx_word' id='word_1_27' title='bbox 596 528 743 600; x_wconf 48' lang='lat' dir='ltr'>regulam,</span> <span class='ocrx_word' id='word_1_28' title='bbox 760 526 871 586; x_wconf 87' lang='lat' dir='ltr'>cadere</span> <span class='ocrx_word' id='word_1_29' title='bbox 894 535 1067 605; x_wconf 83' lang='lat' dir='ltr'>potuerunt,</span> 
     </span>
     <span class='ocr_line' id='line_1_5' title="bbox 93 610 1067 688; baseline -0.002 -14"><span class='ocrx_word' id='word_1_30' title='bbox 93 631 163 674; x_wconf 93' lang='lat' dir='ltr'>cum</span> <span class='ocrx_word' id='word_1_31' title='bbox 179 612 308 688; x_wconf 89' lang='lat' dir='ltr'>aequius</span> <span class='ocrx_word' id='word_1_32' title='bbox 324 618 408 672; x_wconf 86' lang='lat' dir='ltr'>esset</span> <span class='ocrx_word' id='word_1_33' title='bbox 427 611 529 671; x_wconf 91' lang='lat' dir='ltr'>omnia</span> <span class='ocrx_word' id='word_1_34' title='bbox 549 612 679 686; x_wconf 84' lang='lat' dir='ltr'>relinqui</span> <span class='ocrx_word' id='word_1_35' title='bbox 701 626 792 688; x_wconf 87' lang='lat' dir='ltr'>quam</span> <span class='ocrx_word' id='word_1_36' title='bbox 814 610 915 672; x_wconf 92' lang='lat' dir='ltr'>omnia</span> <span class='ocrx_word' id='word_1_37' title='bbox 932 615 1067 688; x_wconf 90' lang='lat' dir='ltr'>aequari.</span> 
     </span>
    </p>

    <p class='ocr_par' dir='ltr' id='par_1_3' title="bbox 90 696 1098 2611">
     <span class='ocr_line' id='line_1_6' title="bbox 154 696 1098 774; baseline 0 -17"><span class='ocrx_word' id='word_1_38' title='bbox 154 698 217 758; x_wconf 87' lang='lat' dir='ltr'>Xll.</span> <span class='ocrx_word' id='word_1_39' title='bbox 248 697 402 771; x_wconf 83' lang='lat' dir='ltr'>Quaedam</span> <span class='ocrx_word' id='word_1_40' title='bbox 427 711 537 770; x_wconf 86' lang='lat' dir='ltr'>magno</span> <span class='ocrx_word' id='word_1_41' title='bbox 563 696 705 756; x_wconf 91' lang='lat' dir='ltr'>dantibus</span> <span class='ocrx_word' id='word_1_42' title='bbox 729 705 884 772; x_wconf 76' lang='lat' dir='ltr'>constant,</span> <span class='ocrx_word' id='word_1_43' title='bbox 916 699 1098 774; x_wconf 82' lang='lat' dir='ltr'>quaedam1</span> 
     </span>
     <span class='ocr_line' id='line_1_7' title="bbox 92 782 1090 858; baseline -0.002 -14"><span class='ocrx_word' id='word_1_44' title='bbox 92 782 314 858; x_wconf 80' lang='lat' dir='ltr'>accipientibus</span> <span class='ocrx_word' id='word_1_45' title='bbox 346 795 457 853; x_wconf 84' lang='lat' dir='ltr'>magna</span> <span class='ocrx_word' id='word_1_46' title='bbox 486 787 572 853; x_wconf 88' lang='lat' dir='ltr'>sunt,</span> <span class='ocrx_word' id='word_1_47' title='bbox 608 782 665 841; x_wconf 90' lang='lat' dir='ltr'>sed</span> <span class='ocrx_word' id='word_1_48' title='bbox 694 783 824 856; x_wconf 84' lang='lat' dir='ltr'>gratuita</span> <span class='ocrx_word' id='word_1_49' title='bbox 853 783 1090 843; x_wconf 85' lang='lat' dir='ltr'>tribuentibus.¹</span> 
     </span>
     <span class='ocr_line' id='line_1_8' title="bbox 93 864 1066 943; baseline 0 -16"><span class='ocrx_word' id='word_1_50' title='bbox 93 867 245 943; x_wconf 84' lang='lat' dir='ltr'>quaedam</span> <span class='ocrx_word' id='word_1_51' title='bbox 261 865 366 924; x_wconf 92' lang='lat' dir='ltr'>amicis</span> <span class='ocrx_word' id='word_1_52' title='bbox 384 864 456 923; x_wconf 90' lang='lat' dir='ltr'>dala</span> <span class='ocrx_word' id='word_1_53' title='bbox 477 872 562 937; x_wconf 89' lang='lat' dir='ltr'>sunt,</span> <span class='ocrx_word' id='word_1_54' title='bbox 586 866 737 937; x_wconf 88' lang='lat' dir='ltr'>quaedam</span> <span class='ocrx_word' id='word_1_55' title='bbox 759 866 880 940; x_wconf 80' lang='lat' dir='ltr'>ignotis.</span> <span class='ocrx_word' id='word_1_56' title='bbox 919 869 988 942; x_wconf 91' lang='lat' dir='ltr'>plus</span> <span class='ocrx_word' id='word_1_57' title='bbox 1011 874 1066 941; x_wconf 76' lang='lat' dir='ltr'>est,</span> 
     </span>
     <span class='ocr_line' id='line_1_9' title="bbox 93 948 1067 1027; baseline -0.001 -16"><span class='ocrx_word' id='word_1_58' title='bbox 93 950 234 1027; x_wconf 91' lang='lat' dir='ltr'>quamvis</span> <span class='ocrx_word' id='word_1_59' title='bbox 249 950 329 1008; x_wconf 88' lang='lat' dir='ltr'>idem</span> <span class='ocrx_word' id='word_1_60' title='bbox 345 948 447 1020; x_wconf 89' lang='lat' dir='ltr'>detur,</span> <span class='ocrx_word' id='word_1_61' title='bbox 463 948 489 1006; x_wconf 89' lang='lat' dir='ltr'>si</span> <span class='ocrx_word' id='word_1_62' title='bbox 505 949 531 1006; x_wconf 92' lang='lat' dir='ltr'>ei</span> <span class='ocrx_word' id='word_1_63' title='bbox 548 948 650 1021; x_wconf 88' lang='lat' dir='ltr'>datur,</span> <span class='ocrx_word' id='word_1_64' title='bbox 668 966 758 1024; x_wconf 92' lang='lat' dir='ltr'>quem</span> <span class='ocrx_word' id='word_1_65' title='bbox 774 966 867 1010; x_wconf 92' lang='lat' dir='ltr'>nosse</span> <span class='ocrx_word' id='word_1_66' title='bbox 882 967 901 1010; x_wconf 88' lang='lat' dir='ltr'>a</span> <span class='ocrx_word' id='word_1_67' title='bbox 915 951 1067 1011; x_wconf 88' lang='lat' dir='ltr'>beneficio</span> 
     </span>
     <span class='ocr_line' id='line_1_10' title="bbox 91 1031 1065 1109; baseline -0.002 -13"><span class='ocrx_word' id='word_1_68' title='bbox 91 1044 145 1096; x_wconf 91' lang='lat' dir='ltr'>tuo</span> <span class='ocrx_word' id='word_1_69' title='bbox 162 1034 281 1108; x_wconf 89' lang='lat' dir='ltr'>incipis.</span> <span class='ocrx_word' id='word_1_70' title='bbox 307 1031 363 1090; x_wconf 86' lang='lat' dir='ltr'>Hic</span> <span class='ocrx_word' id='word_1_71' title='bbox 377 1032 489 1091; x_wconf 88' lang='lat' dir='ltr'>auxilia</span> <span class='ocrx_word' id='word_1_72' title='bbox 502 1031 618 1104; x_wconf 85' lang='lat' dir='ltr'>tribuit,</span> <span class='ocrx_word' id='word_1_73' title='bbox 642 1034 691 1093; x_wconf 92' lang='lat' dir='ltr'>ille</span> <span class='ocrx_word' id='word_1_74' title='bbox 707 1041 898 1109; x_wconf 90' lang='lat' dir='ltr'>ornamenta,</span> <span class='ocrx_word' id='word_1_75' title='bbox 916 1035 966 1094; x_wconf 87' lang='lat' dir='ltr'>ille</span> <span class='ocrx_word' id='word_1_76' title='bbox 985 1037 1065 1095; x_wconf 93' lang='lat' dir='ltr'>sola-</span> 
     </span>
     <span class='ocr_line' id='line_1_11' title="bbox 93 1115 1098 1191; baseline 0.002 -13"><span class='ocrx_word' id='word_1_77' title='bbox 93 1121 144 1178; x_wconf 90' lang='lat' dir='ltr'>tia.</span> <span class='ocrx_word' id='word_1_78' title='bbox 174 1117 314 1176; x_wconf 84' lang='lat' dir='ltr'>iuvenies</span> <span class='ocrx_word' id='word_1_79' title='bbox 331 1115 382 1190; x_wconf 91' lang='lat' dir='ltr'>qui</span> <span class='ocrx_word' id='word_1_80' title='bbox 397 1115 470 1174; x_wconf 91' lang='lat' dir='ltr'>nihil</span> <span class='ocrx_word' id='word_1_81' title='bbox 484 1122 570 1189; x_wconf 88' lang='lat' dir='ltr'>putet</span> <span class='ocrx_word' id='word_1_82' title='bbox 584 1131 656 1176; x_wconf 87' lang='lat' dir='ltr'>esse</span> <span class='ocrx_word' id='word_1_83' title='bbox 676 1117 853 1191; x_wconf 87' lang='lat' dir='ltr'>iucundius,</span> <span class='ocrx_word' id='word_1_84' title='bbox 873 1119 946 1176; x_wconf 91' lang='lat' dir='ltr'>nihil</span> <span class='ocrx_word' id='word_1_85' title='bbox 968 1120 1098 1180; x_wconf 67' lang='lat' dir='ltr'>maiusn</span> 
     </span>
     <span class='ocr_line' id='line_1_12' title="bbox 93 1198 1065 1278; baseline 0.002 -18"><span class='ocrx_word' id='word_1_86' title='bbox 93 1218 186 1278; x_wconf 90' lang='lat' dir='ltr'>quam</span> <span class='ocrx_word' id='word_1_87' title='bbox 200 1201 328 1270; x_wconf 88' lang='lat' dir='ltr'>habere,</span> <span class='ocrx_word' id='word_1_88' title='bbox 344 1200 374 1257; x_wconf 94' lang='lat' dir='ltr'>in</span> <span class='ocrx_word' id='word_1_89' title='bbox 390 1214 451 1273; x_wconf 92' lang='lat' dir='ltr'>quo</span> <span class='ocrx_word' id='word_1_90' title='bbox 468 1198 624 1259; x_wconf 90' lang='lat' dir='ltr'>calamitas</span> <span class='ocrx_word' id='word_1_91' title='bbox 637 1200 826 1274; x_wconf 86' lang='lat' dir='ltr'>adquiescat.</span> <span class='ocrx_word' id='word_1_92' title='bbox 852 1201 990 1262; x_wconf 89' lang='lat' dir='ltr'>invenies</span> <span class='ocrx_word' id='word_1_93' title='bbox 1000 1220 1065 1262; x_wconf 89' lang='lat' dir='ltr'>rur-</span> 
     </span>
     <span class='ocr_line' id='line_1_13' title="bbox 92 1274 1068 1361; baseline -0.001 -15"><span class='ocrx_word' id='word_1_94' title='bbox 92 1302 162 1361; x_wconf 91' lang='lat' dir='ltr'>sus,</span> <span class='ocrx_word' id='word_1_95' title='bbox 186 1274 236 1360; x_wconf 81' lang='lat' dir='ltr'>qtii</span> <span class='ocrx_word' id='word_1_96' title='bbox 252 1282 388 1358; x_wconf 81' lang='lat' dir='ltr'>dignitati</span> <span class='ocrx_word' id='word_1_97' title='bbox 410 1298 485 1342; x_wconf 89' lang='lat' dir='ltr'>suae</span> <span class='ocrx_word' id='word_1_98' title='bbox 507 1300 597 1358; x_wconf 89' lang='lat' dir='ltr'>quam</span> <span class='ocrx_word' id='word_1_99' title='bbox 620 1285 775 1344; x_wconf 89' lang='lat' dir='ltr'>securitati</span> <span class='ocrx_word' id='word_1_100' title='bbox 791 1286 910 1344; x_wconf 92' lang='lat' dir='ltr'>consuli</span> <span class='ocrx_word' id='word_1_101' title='bbox 933 1287 1015 1344; x_wconf 92' lang='lat' dir='ltr'>malit</span> <span class='ocrx_word' id='word_1_102' title='bbox 1037 1292 1068 1345; x_wconf 88' lang='lat' dir='ltr'>el</span> 
     </span>
     <span class='ocr_line' id='line_1_14' title="bbox 93 1367 1066 1445; baseline -0.001 -16"><span class='ocrx_word' id='word_1_103' title='bbox 93 1370 146 1445; x_wconf 89' lang='lat' dir='ltr'>qui</span> <span class='ocrx_word' id='word_1_104' title='bbox 163 1371 230 1443; x_wconf 91' lang='lat' dir='ltr'>plus</span> <span class='ocrx_word' id='word_1_105' title='bbox 246 1367 274 1427; x_wconf 87' lang='lat' dir='ltr'>ei</span> <span class='ocrx_word' id='word_1_106' title='bbox 289 1368 402 1427; x_wconf 89' lang='lat' dir='ltr'>debere</span> <span class='ocrx_word' id='word_1_107' title='bbox 418 1382 453 1426; x_wconf 89' lang='lat' dir='ltr'>se</span> <span class='ocrx_word' id='word_1_108' title='bbox 467 1367 594 1441; x_wconf 88' lang='lat' dir='ltr'>iudicet,</span> <span class='ocrx_word' id='word_1_109' title='bbox 613 1383 669 1441; x_wconf 92' lang='lat' dir='ltr'>per</span> <span class='ocrx_word' id='word_1_110' title='bbox 690 1384 781 1443; x_wconf 90' lang='lat' dir='ltr'>quem</span> <span class='ocrx_word' id='word_1_111' title='bbox 803 1369 894 1428; x_wconf 90' lang='lat' dir='ltr'>tutior</span> <span class='ocrx_word' id='word_1_112' title='bbox 908 1376 955 1428; x_wconf 90' lang='lat' dir='ltr'>est</span> <span class='ocrx_word' id='word_1_113' title='bbox 975 1385 1066 1443; x_wconf 90' lang='lat' dir='ltr'>quam</span> 
     </span>
     <span class='ocr_line' id='line_1_15' title="bbox 92 1451 1066 1528; baseline -0.001 -15"><span class='ocrx_word' id='word_1_114' title='bbox 92 1454 135 1528; x_wconf 89' lang='lat' dir='ltr'>ei,</span> <span class='ocrx_word' id='word_1_115' title='bbox 159 1468 214 1527; x_wconf 89' lang='lat' dir='ltr'>per</span> <span class='ocrx_word' id='word_1_116' title='bbox 230 1468 319 1526; x_wconf 89' lang='lat' dir='ltr'>quem</span> <span class='ocrx_word' id='word_1_117' title='bbox 336 1451 507 1510; x_wconf 71' lang='lat' dir='ltr'>honestiorz</span> <span class='ocrx_word' id='word_1_118' title='bbox 536 1452 665 1525; x_wconf 91' lang='lat' dir='ltr'>proinde</span> <span class='ocrx_word' id='word_1_119' title='bbox 680 1453 738 1513; x_wconf 92' lang='lat' dir='ltr'>isla</span> <span class='ocrx_word' id='word_1_120' title='bbox 752 1451 868 1513; x_wconf 90' lang='lat' dir='ltr'>maiora</span> <span class='ocrx_word' id='word_1_121' title='bbox 884 1460 935 1512; x_wconf 91' lang='lat' dir='ltr'>aul</span> <span class='ocrx_word' id='word_1_122' title='bbox 949 1453 1066 1512; x_wconf 92' lang='lat' dir='ltr'>minora</span> 
     </span>
     <span class='ocr_line' id='line_1_16' title="bbox 93 1535 1064 1609; baseline -0.001 -13"><span class='ocrx_word' id='word_1_123' title='bbox 93 1545 194 1607; x_wconf 88' lang='lat' dir='ltr'>erunt,</span> <span class='ocrx_word' id='word_1_124' title='bbox 218 1543 307 1609; x_wconf 90' lang='lat' dir='ltr'>prout</span> <span class='ocrx_word' id='word_1_125' title='bbox 329 1535 417 1597; x_wconf 88' lang='lat' dir='ltr'>luerit</span> <span class='ocrx_word' id='word_1_126' title='bbox 434 1536 526 1594; x_wconf 85' lang='lat' dir='ltr'>iudex</span> <span class='ocrx_word' id='word_1_127' title='bbox 541 1542 592 1595; x_wconf 90' lang='lat' dir='ltr'>aul</span> <span class='ocrx_word' id='word_1_128' title='bbox 607 1536 737 1595; x_wconf 85' lang='lat' dir='ltr'>adhaec</span> <span class='ocrx_word' id='word_1_129' title='bbox 753 1543 804 1597; x_wconf 91' lang='lat' dir='ltr'>aut</span> <span class='ocrx_word' id='word_1_130' title='bbox 819 1538 858 1596; x_wconf 92' lang='lat' dir='ltr'>ad</span> <span class='ocrx_word' id='word_1_131' title='bbox 873 1536 924 1594; x_wconf 89' lang='lat' dir='ltr'>illa</span> <span class='ocrx_word' id='word_1_132' title='bbox 941 1536 1064 1595; x_wconf 90' lang='lat' dir='ltr'>inclina·</span> 
     </span>
     <span class='ocr_line' id='line_1_17' title="bbox 91 1619 1097 1696; baseline 0.004 -15"><span class='ocrx_word' id='word_1_133' title='bbox 91 1629 141 1681; x_wconf 91' lang='lat' dir='ltr'>tus</span> <span class='ocrx_word' id='word_1_134' title='bbox 157 1621 267 1680; x_wconf 92' lang='lat' dir='ltr'>animo.</span> <span class='ocrx_word' id='word_1_135' title='bbox 297 1619 455 1678; x_wconf 87' lang='lat' dir='ltr'>Praeterea</span> <span class='ocrx_word' id='word_1_136' title='bbox 472 1620 651 1679; x_wconf 89' lang='lat' dir='ltr'>creditorem</span> <span class='ocrx_word' id='word_1_137' title='bbox 667 1620 737 1679; x_wconf 90' lang='lat' dir='ltr'>mibi</span> <span class='ocrx_word' id='word_1_138' title='bbox 753 1623 820 1696; x_wconf 91' lang='lat' dir='ltr'>ipse</span> <span class='ocrx_word' id='word_1_139' title='bbox 836 1621 931 1694; x_wconf 80' lang='lat' dir='ltr'>eligo,</span> <span class='ocrx_word' id='word_1_140' title='bbox 950 1620 1064 1680; x_wconf 85' lang='lat' dir='ltr'>banell—</span> <span class='ocrx_word' id='word_1_141' title='bbox 1080 1633 1097 1685; x_wconf 82' lang='lat'><strong>3</strong></span> 
     </span>
     <span class='ocr_line' id='line_1_18' title="bbox 92 1702 1064 1779; baseline 0.002 -17"><span class='ocrx_word' id='word_1_142' title='bbox 92 1705 172 1763; x_wconf 90' lang='lat' dir='ltr'>cium</span> <span class='ocrx_word' id='word_1_143' title='bbox 189 1718 283 1777; x_wconf 86' lang='lat' dir='ltr'>saepe</span> <span class='ocrx_word' id='word_1_144' title='bbox 299 1703 336 1761; x_wconf 92' lang='lat' dir='ltr'>ab</span> <span class='ocrx_word' id='word_1_145' title='bbox 352 1719 389 1760; x_wconf 88' lang='lat' dir='ltr'>eo</span> <span class='ocrx_word' id='word_1_146' title='bbox 406 1702 540 1775; x_wconf 84' lang='lat' dir='ltr'>accipio,</span> <span class='ocrx_word' id='word_1_147' title='bbox 557 1721 575 1762; x_wconf 90' lang='lat' dir='ltr'>a</span> <span class='ocrx_word' id='word_1_148' title='bbox 593 1721 654 1777; x_wconf 93' lang='lat' dir='ltr'>quo</span> <span class='ocrx_word' id='word_1_149' title='bbox 670 1707 741 1763; x_wconf 91' lang='lat' dir='ltr'>nolo</span> <span class='ocrx_word' id='word_1_150' title='bbox 758 1711 788 1764; x_wconf 90' lang='lat' dir='ltr'>el</span> <span class='ocrx_word' id='word_1_151' title='bbox 799 1704 963 1779; x_wconf 89' lang='lat' dir='ltr'>aliquando</span> <span class='ocrx_word' id='word_1_152' title='bbox 978 1705 1064 1778; x_wconf 81' lang='lat' dir='ltr'>igno-</span> 
     </span>
     <span class='ocr_line' id='line_1_19' title="bbox 91 1784 1065 1859; baseline 0 -13"><span class='ocrx_word' id='word_1_153' title='bbox 91 1802 165 1846; x_wconf 88' lang='lat' dir='ltr'>rans</span> <span class='ocrx_word' id='word_1_154' title='bbox 187 1784 319 1859; x_wconf 82' lang='lat' dir='ltr'>obligor:</span> <span class='ocrx_word' id='word_1_155' title='bbox 347 1785 420 1858; x_wconf 93' lang='lat' dir='ltr'>quid</span> <span class='ocrx_word' id='word_1_156' title='bbox 446 1786 561 1843; x_wconf 72' lang='lat' dir='ltr'>faciest</span> <span class='ocrx_word' id='word_1_157' title='bbox 590 1787 738 1859; x_wconf 80' lang='lat' dir='ltr'>ingratum</span> <span class='ocrx_word' id='word_1_158' title='bbox 760 1790 886 1849; x_wconf 90' lang='lat' dir='ltr'>vocabis</span> <span class='ocrx_word' id='word_1_159' title='bbox 905 1805 988 1859; x_wconf 89' lang='lat' dir='ltr'>eum,</span> <span class='ocrx_word' id='word_1_160' title='bbox 1016 1789 1065 1849; x_wconf 89' lang='lat' dir='ltr'>cui</span> 
     </span>
     <span class='ocr_line' id='line_1_20' title="bbox 92 1868 1064 1946; baseline 0.002 -16"><span class='ocrx_word' id='word_1_161' title='bbox 92 1869 273 1931; x_wconf 88' lang='lat' dir='ltr'>beneficium</span> <span class='ocrx_word' id='word_1_162' title='bbox 297 1869 394 1928; x_wconf 92' lang='lat' dir='ltr'>inscio</span> <span class='ocrx_word' id='word_1_163' title='bbox 420 1876 462 1941; x_wconf 86' lang='lat' dir='ltr'>et,</span> <span class='ocrx_word' id='word_1_164' title='bbox 486 1868 511 1926; x_wconf 94' lang='lat' dir='ltr'>si</span> <span class='ocrx_word' id='word_1_165' title='bbox 538 1868 662 1941; x_wconf 87' lang='lat' dir='ltr'>scisset,</span> <span class='ocrx_word' id='word_1_166' title='bbox 683 1885 744 1927; x_wconf 94' lang='lat' dir='ltr'>non</span> <span class='ocrx_word' id='word_1_167' title='bbox 763 1879 927 1946; x_wconf 86' lang='lat' dir='ltr'>accepturo</span> <span class='ocrx_word' id='word_1_168' title='bbox 949 1873 1064 1946; x_wconf 90' lang='lat' dir='ltr'>inposi-</span> 
     </span>
     <span class='ocr_line' id='line_1_21' title="bbox 94 1951 1064 2027; baseline 0 -13"><span class='ocrx_word' id='word_1_169' title='bbox 94 1962 155 2014; x_wconf 93' lang='lat' dir='ltr'>tum</span> <span class='ocrx_word' id='word_1_170' title='bbox 170 1961 237 2014; x_wconf 70' lang='lat' dir='ltr'>est?</span> <span class='ocrx_word' id='word_1_171' title='bbox 262 1969 322 2013; x_wconf 95' lang='lat' dir='ltr'>non</span> <span class='ocrx_word' id='word_1_172' title='bbox 341 1951 466 2012; x_wconf 87' lang='lat' dir='ltr'>vocabis</span> <span class='ocrx_word' id='word_1_173' title='bbox 482 1967 566 2024; x_wconf 90' lang='lat' dir='ltr'>eum,</span> <span class='ocrx_word' id='word_1_174' title='bbox 584 1953 635 2025; x_wconf 91' lang='lat' dir='ltr'>qui</span> <span class='ocrx_word' id='word_1_175' title='bbox 651 1957 814 2027; x_wconf 92' lang='lat' dir='ltr'>utcumque</span> <span class='ocrx_word' id='word_1_176' title='bbox 831 1961 990 2027; x_wconf 85' lang='lat' dir='ltr'>acceptum</span> <span class='ocrx_word' id='word_1_177' title='bbox 1003 1971 1064 2014; x_wconf 94' lang='lat' dir='ltr'>non</span> 
     </span>
     <span class='ocr_line' id='line_1_22' title="bbox 91 2035 1098 2112; baseline 0.002 -15"><span class='ocrx_word' id='word_1_178' title='bbox 91 2038 244 2098; x_wconf 73' lang='lat' dir='ltr'>reddidit?</span> <span class='ocrx_word' id='word_1_179' title='bbox 258 2036 378 2111; x_wconf 83' lang='lat' dir='ltr'>Aliquis</span> <span class='ocrx_word' id='word_1_180' title='bbox 394 2035 478 2095; x_wconf 92' lang='lat' dir='ltr'>dedit</span> <span class='ocrx_word' id='word_1_181' title='bbox 492 2035 564 2093; x_wconf 91' lang='lat' dir='ltr'>mihi</span> <span class='ocrx_word' id='word_1_182' title='bbox 579 2035 775 2108; x_wconf 87' lang='lat' dir='ltr'>beneficium,</span> <span class='ocrx_word' id='word_1_183' title='bbox 792 2038 849 2097; x_wconf 88' lang='lat' dir='ltr'>sed</span> <span class='ocrx_word' id='word_1_184' title='bbox 863 2037 944 2097; x_wconf 90' lang='lat' dir='ltr'>idem</span> <span class='ocrx_word' id='word_1_185' title='bbox 956 2045 1065 2112; x_wconf 90' lang='lat' dir='ltr'>postea</span> <span class='ocrx_word' id='word_1_186' title='bbox 1079 2046 1098 2100; x_wconf 83' lang='lat'>4</span> 
     </span>
     <span class='ocr_line' id='line_1_23' title="bbox 91 2120 1064 2195; baseline -0.001 -14"><span class='ocrx_word' id='word_1_187' title='bbox 91 2121 163 2181; x_wconf 88' lang='lat' dir='ltr'>lecit</span> <span class='ocrx_word' id='word_1_188' title='bbox 177 2122 329 2180; x_wconf 85' lang='lat' dir='ltr'>iniuriam:</span> <span class='ocrx_word' id='word_1_189' title='bbox 351 2128 450 2180; x_wconf 90' lang='lat' dir='ltr'>ulrum</span> <span class='ocrx_word' id='word_1_190' title='bbox 466 2135 527 2178; x_wconf 91' lang='lat' dir='ltr'>uno</span> <span class='ocrx_word' id='word_1_191' title='bbox 544 2135 669 2178; x_wconf 89' lang='lat' dir='ltr'>munere</span> <span class='ocrx_word' id='word_1_192' title='bbox 685 2120 724 2178; x_wconf 92' lang='lat' dir='ltr'>ad</span> <span class='ocrx_word' id='word_1_193' title='bbox 740 2121 913 2195; x_wconf 90' lang='lat' dir='ltr'>patientiam</span> <span class='ocrx_word' id='word_1_194' title='bbox 929 2122 1064 2182; x_wconf 93' lang='lat' dir='ltr'>omnium</span> 
     </span>
     <span class='ocr_line' id='line_1_24' title="bbox 90 2203 1061 2281; baseline 0.001 -17"><span class='ocrx_word' id='word_1_195' title='bbox 90 2203 267 2264; x_wconf 89' lang='lat' dir='ltr'>iniuriarum</span> <span class='ocrx_word' id='word_1_196' title='bbox 278 2204 464 2277; x_wconf 81' lang='lat' dir='ltr'>adstringor,</span> <span class='ocrx_word' id='word_1_197' title='bbox 483 2218 520 2261; x_wconf 91' lang='lat' dir='ltr'>an</span> <span class='ocrx_word' id='word_1_198' title='bbox 537 2203 663 2276; x_wconf 87' lang='lat' dir='ltr'>perinde</span> <span class='ocrx_word' id='word_1_199' title='bbox 679 2203 735 2262; x_wconf 92' lang='lat' dir='ltr'>erit</span> <span class='ocrx_word' id='word_1_200' title='bbox 749 2221 785 2264; x_wconf 91' lang='lat' dir='ltr'>ac</span> <span class='ocrx_word' id='word_1_201' title='bbox 801 2206 827 2265; x_wconf 94' lang='lat' dir='ltr'>si</span> <span class='ocrx_word' id='word_1_202' title='bbox 842 2206 968 2281; x_wconf 83' lang='lat' dir='ltr'>gratiam</span> <span class='ocrx_word' id='word_1_203' title='bbox 980 2211 1061 2265; x_wconf 91' lang='lat' dir='ltr'>retu·</span> 
     </span>
     <span class='ocr_line' id='line_1_25' title="bbox 90 2288 1061 2364; baseline 0.005 -19"><span class='ocrx_word' id='word_1_204' title='bbox 90 2289 191 2360; x_wconf 87' lang='lat' dir='ltr'>ierim,</span> <span class='ocrx_word' id='word_1_205' title='bbox 216 2290 287 2362; x_wconf 92' lang='lat' dir='ltr'>quia</span> <span class='ocrx_word' id='word_1_206' title='bbox 302 2288 484 2347; x_wconf 83' lang='lat' dir='ltr'>beneficium</span> <span class='ocrx_word' id='word_1_207' title='bbox 498 2288 588 2346; x_wconf 74' lang='lat' dir='ltr'>suum</span> <span class='ocrx_word' id='word_1_208' title='bbox 604 2288 672 2362; x_wconf 90' lang='lat' dir='ltr'>ipse</span> <span class='ocrx_word' id='word_1_209' title='bbox 693 2288 866 2364; x_wconf 88' lang='lat' dir='ltr'>insequenti</span> <span class='ocrx_word' id='word_1_210' title='bbox 887 2289 996 2349; x_wconf 85' lang='lat' dir='ltr'>iniuria</span> <span class='ocrx_word' id='word_1_211' title='bbox 1015 2306 1061 2350; x_wconf 88' lang='lat' dir='ltr'>re·</span> 
     </span>
     <span class='ocr_line' id='line_1_26' title="bbox 91 2369 1063 2447; baseline 0.002 -17"><span class='ocrx_word' id='word_1_212' title='bbox 91 2370 202 2430; x_wconf 68' lang='lat' dir='ltr'>scidit?</span> <span class='ocrx_word' id='word_1_213' title='bbox 217 2371 375 2443; x_wconf 82' lang='lat' dir='ltr'>Quomodo</span> <span class='ocrx_word' id='word_1_214' title='bbox 388 2370 500 2430; x_wconf 89' lang='lat' dir='ltr'>deinde</span> <span class='ocrx_word' id='word_1_215' title='bbox 515 2369 700 2444; x_wconf 87' lang='lat' dir='ltr'>aestimabis,</span> <span class='ocrx_word' id='word_1_216' title='bbox 717 2379 816 2432; x_wconf 92' lang='lat' dir='ltr'>utrum</span> <span class='ocrx_word' id='word_1_217' title='bbox 830 2375 899 2447; x_wconf 92' lang='lat' dir='ltr'>plus</span> <span class='ocrx_word' id='word_1_218' title='bbox 912 2374 960 2443; x_wconf 91' lang='lat' dir='ltr'>sit,</span> <span class='ocrx_word' id='word_1_219' title='bbox 978 2373 1063 2447; x_wconf 92' lang='lat' dir='ltr'>quod</span> 
     </span>
     <span class='ocr_line' id='line_1_27' title="bbox 91 2454 1061 2527; baseline 0.003 -16"><span class='ocrx_word' id='word_1_220' title='bbox 91 2454 211 2527; x_wconf 87' lang='lat' dir='ltr'>accepit</span> <span class='ocrx_word' id='word_1_221' title='bbox 231 2460 281 2512; x_wconf 92' lang='lat' dir='ltr'>aut</span> <span class='ocrx_word' id='word_1_222' title='bbox 303 2454 331 2511; x_wconf 94' lang='lat' dir='ltr'>in</span> <span class='ocrx_word' id='word_1_223' title='bbox 355 2471 415 2527; x_wconf 91' lang='lat' dir='ltr'>quo</span> <span class='ocrx_word' id='word_1_224' title='bbox 438 2455 541 2512; x_wconf 87' lang='lat' dir='ltr'>laesus</span> <span class='ocrx_word' id='word_1_225' title='bbox 564 2461 629 2513; x_wconf 81' lang='lat' dir='ltr'>est‘t</span> <span class='ocrx_word' id='word_1_226' title='bbox 664 2454 737 2514; x_wconf 89' lang='lat' dir='ltr'>Dies</span> <span class='ocrx_word' id='word_1_227' title='bbox 754 2472 802 2514; x_wconf 94' lang='lat' dir='ltr'>me</span> <span class='ocrx_word' id='word_1_228' title='bbox 818 2457 939 2516; x_wconf 88' lang='lat' dir='ltr'>deliciet</span> <span class='ocrx_word' id='word_1_229' title='bbox 955 2471 1061 2515; x_wconf 89' lang='lat' dir='ltr'>omues</span> 
     </span>
     <span class='ocr_line' id='line_1_28' title="bbox 91 2536 666 2611; baseline -0.003 -15"><span class='ocrx_word' id='word_1_230' title='bbox 91 2536 286 2596; x_wconf 83' lang='lat' dir='ltr'>difficultates</span> <span class='ocrx_word' id='word_1_231' title='bbox 302 2538 446 2611; x_wconf 83' lang='lat' dir='ltr'>persequi</span> <span class='ocrx_word' id='word_1_232' title='bbox 462 2544 666 2611; x_wconf 86' lang='lat' dir='ltr'>temptantem.</span> 
     </span>
    </p>

    <p class='ocr_par' dir='ltr' id='par_1_4' title="bbox 87 2619 1093 3529">
     <span class='ocr_line' id='line_1_29' title="bbox 154 2619 1093 2694; baseline 0 -15"><span class='ocrx_word' id='word_1_233' title='bbox 154 2621 232 2680; x_wconf 89' lang='lat' dir='ltr'>Xlll.</span> <span class='ocrx_word' id='word_1_234' title='bbox 258 2621 455 2694; x_wconf 87' lang='lat' dir='ltr'>‚,Tardiores,</span> <span class='ocrx_word' id='word_1_235' title='bbox 472 2620 583 2694; x_wconf 89' lang='lat' dir='ltr'>inquit,</span> <span class='ocrx_word' id='word_1_236' title='bbox 600 2621 639 2679; x_wconf 91' lang='lat' dir='ltr'>ad</span> <span class='ocrx_word' id='word_1_237' title='bbox 653 2619 804 2679; x_wconf 83' lang='lat' dir='ltr'>beneficia</span> <span class='ocrx_word' id='word_1_238' title='bbox 819 2620 920 2679; x_wconf 91' lang='lat' dir='ltr'>danda</span> <span class='ocrx_word' id='word_1_239' title='bbox 934 2621 1062 2680; x_wconf 84' lang='lat' dir='ltr'>iacimus</span> <span class='ocrx_word' id='word_1_240' title='bbox 1079 2635 1093 2687; x_wconf 85' lang='lat'><em>1</em></span> 
     </span>
     <span class='ocr_line' id='line_1_30' title="bbox 90 2703 1061 2765; baseline 0.001 -1"><span class='ocrx_word' id='word_1_241' title='bbox 90 2721 152 2764; x_wconf 94' lang='lat' dir='ltr'>non</span> <span class='ocrx_word' id='word_1_242' title='bbox 174 2704 356 2765; x_wconf 88' lang='lat' dir='ltr'>vindicando</span> <span class='ocrx_word' id='word_1_243' title='bbox 383 2706 453 2764; x_wconf 87' lang='lat' dir='ltr'>dala</span> <span class='ocrx_word' id='word_1_244' title='bbox 480 2718 536 2761; x_wconf 86' lang='lat' dir='ltr'>nec</span> <span class='ocrx_word' id='word_1_245' title='bbox 556 2703 736 2762; x_wconf 89' lang='lat' dir='ltr'>infitiatores</span> <span class='ocrx_word' id='word_1_246' title='bbox 762 2719 867 2762; x_wconf 90' lang='lat' dir='ltr'>eorum</span> <span class='ocrx_word' id='word_1_247' title='bbox 889 2703 1061 2765; x_wconf 84' lang='lat' dir='ltr'>adiiciendo</span> 
     </span>
     <span class='ocr_line' id='line_1_31' title="bbox 89 2787 1061 2864; baseline 0 -16"><span class='ocrx_word' id='word_1_248' title='bbox 89 2793 221 2864; x_wconf 90' lang='lat' dir='ltr'>poena.“</span> <span class='ocrx_word' id='word_1_249' title='bbox 244 2787 306 2847; x_wconf 86' lang='lat' dir='ltr'>Sed</span> <span class='ocrx_word' id='word_1_250' title='bbox 320 2787 393 2847; x_wconf 92' lang='lat' dir='ltr'>illud</span> <span class='ocrx_word' id='word_1_251' title='bbox 410 2803 535 2861; x_wconf 91' lang='lat' dir='ltr'>quoque</span> <span class='ocrx_word' id='word_1_252' title='bbox 547 2787 599 2846; x_wconf 92' lang='lat' dir='ltr'>libi</span> <span class='ocrx_word' id='word_1_253' title='bbox 610 2803 627 2844; x_wconf 88' lang='lat' dir='ltr'>e</span> <span class='ocrx_word' id='word_1_254' title='bbox 640 2787 791 2846; x_wconf 87' lang='lat' dir='ltr'>contrario</span> <span class='ocrx_word' id='word_1_255' title='bbox 804 2795 951 2860; x_wconf 89' lang='lat' dir='ltr'>occurrat,</span> <span class='ocrx_word' id='word_1_256' title='bbox 968 2788 1061 2849; x_wconf 90' lang='lat' dir='ltr'>multo</span> 
     </span>
     <span class='ocr_line' id='line_1_32' title="bbox 89 2869 1061 2946; baseline -0.002 -14"><span class='ocrx_word' id='word_1_257' title='bbox 89 2871 241 2932; x_wconf 88' lang='lat' dir='ltr'>tardiores</span> <span class='ocrx_word' id='word_1_258' title='bbox 258 2872 375 2931; x_wconf 88' lang='lat' dir='ltr'>luturos</span> <span class='ocrx_word' id='word_1_259' title='bbox 398 2871 438 2929; x_wconf 90' lang='lat' dir='ltr'>ad</span> <span class='ocrx_word' id='word_1_260' title='bbox 453 2869 633 2943; x_wconf 89' lang='lat' dir='ltr'>accipienda</span> <span class='ocrx_word' id='word_1_261' title='bbox 652 2870 819 2943; x_wconf 89' lang='lat' dir='ltr'>beneficia,</span> <span class='ocrx_word' id='word_1_262' title='bbox 844 2872 869 2930; x_wconf 94' lang='lat' dir='ltr'>si</span> <span class='ocrx_word' id='word_1_263' title='bbox 892 2871 1061 2946; x_wconf 90' lang='lat' dir='ltr'>periculum</span> 
     </span>
     <span class='ocr_line' id='line_1_33' title="bbox 90 2953 1061 3016; baseline -0.003 0"><span class='ocrx_word' id='word_1_264' title='bbox 90 2970 203 3016; x_wconf 86' lang='lat' dir='ltr'>causae</span> <span class='ocrx_word' id='word_1_265' title='bbox 219 2954 370 3013; x_wconf 89' lang='lat' dir='ltr'>dicundae</span> <span class='ocrx_word' id='word_1_266' title='bbox 384 2954 493 3013; x_wconf 89' lang='lat' dir='ltr'>adituri</span> <span class='ocrx_word' id='word_1_267' title='bbox 507 2961 594 3013; x_wconf 90' lang='lat' dir='ltr'>erunt</span> <span class='ocrx_word' id='word_1_268' title='bbox 615 2960 645 3012; x_wconf 91' lang='lat' dir='ltr'>et</span> <span class='ocrx_word' id='word_1_269' title='bbox 666 2953 868 3013; x_wconf 87' lang='lat' dir='ltr'>innocentiam</span> <span class='ocrx_word' id='word_1_270' title='bbox 886 2953 1061 3015; x_wconf 92' lang='lat' dir='ltr'>sollicitiore</span> 
     </span>
     <span class='ocr_line' id='line_1_34' title="bbox 88 3037 1093 3114; baseline 0.006 -17"><span class='ocrx_word' id='word_1_271' title='bbox 88 3038 218 3098; x_wconf 90' lang='lat' dir='ltr'>habituri</span> <span class='ocrx_word' id='word_1_272' title='bbox 245 3037 323 3098; x_wconf 89' lang='lat' dir='ltr'>loco.</span> <span class='ocrx_word' id='word_1_273' title='bbox 357 3037 475 3096; x_wconf 89' lang='lat' dir='ltr'>Deinde</span> <span class='ocrx_word' id='word_1_274' title='bbox 500 3037 612 3096; x_wconf 88' lang='lat' dir='ltr'>erimus</span> <span class='ocrx_word' id='word_1_275' title='bbox 641 3053 696 3110; x_wconf 93' lang='lat' dir='ltr'>per</span> <span class='ocrx_word' id='word_1_276' title='bbox 717 3037 775 3098; x_wconf 91' lang='lat' dir='ltr'>hoc</span> <span class='ocrx_word' id='word_1_277' title='bbox 796 3039 855 3112; x_wconf 91' lang='lat' dir='ltr'>ipsi</span> <span class='ocrx_word' id='word_1_278' title='bbox 877 3054 1002 3114; x_wconf 84' lang='lat' dir='ltr'>quoque</span> <span class='ocrx_word' id='word_1_279' title='bbox 1022 3038 1093 3103; x_wconf 69' lang='lat' dir='ltr'>ada</span> 
     </span>
     <span class='ocr_line' id='line_1_35' title="bbox 88 3120 1061 3196; baseline -0.001 -15"><span class='ocrx_word' id='word_1_280' title='bbox 88 3123 192 3181; x_wconf 87' lang='lat' dir='ltr'>danda</span> <span class='ocrx_word' id='word_1_281' title='bbox 209 3120 367 3180; x_wconf 90' lang='lat' dir='ltr'>tardiores.</span> <span class='ocrx_word' id='word_1_282' title='bbox 396 3136 485 3180; x_wconf 88' lang='lat' dir='ltr'>nemo</span> <span class='ocrx_word' id='word_1_283' title='bbox 502 3120 581 3178; x_wconf 92' lang='lat' dir='ltr'>enim</span> <span class='ocrx_word' id='word_1_284' title='bbox 593 3120 720 3181; x_wconf 90' lang='lat' dir='ltr'>libenter</span> <span class='ocrx_word' id='word_1_285' title='bbox 730 3121 781 3180; x_wconf 87' lang='lat' dir='ltr'>dat</span> <span class='ocrx_word' id='word_1_286' title='bbox 793 3122 908 3196; x_wconf 90' lang='lat' dir='ltr'>invitis,</span> <span class='ocrx_word' id='word_1_287' title='bbox 925 3124 982 3182; x_wconf 92' lang='lat' dir='ltr'>sed</span> <span class='ocrx_word' id='word_1_288' title='bbox 995 3122 1061 3196; x_wconf 86' lang='lat' dir='ltr'>qui·</span> 
     </span>
     <span class='ocr_line' id='line_1_36' title="bbox 90 3204 1062 3280; baseline -0.002 -14"><span class='ocrx_word' id='word_1_289' title='bbox 90 3220 221 3280; x_wconf 89' lang='lat' dir='ltr'>cumque</span> <span class='ocrx_word' id='word_1_290' title='bbox 236 3204 276 3263; x_wconf 88' lang='lat' dir='ltr'>ad</span> <span class='ocrx_word' id='word_1_291' title='bbox 290 3204 542 3263; x_wconf 78' lang='lat' dir='ltr'>benefaciendum</span> <span class='ocrx_word' id='word_1_292' title='bbox 557 3204 691 3263; x_wconf 88' lang='lat' dir='ltr'>bonitate</span> <span class='ocrx_word' id='word_1_293' title='bbox 707 3205 849 3264; x_wconf 91' lang='lat' dir='ltr'>invitatus</span> <span class='ocrx_word' id='word_1_294' title='bbox 872 3213 918 3265; x_wconf 88' lang='lat' dir='ltr'>est</span> <span class='ocrx_word' id='word_1_295' title='bbox 943 3213 972 3264; x_wconf 90' lang='lat' dir='ltr'>el</span> <span class='ocrx_word' id='word_1_296' title='bbox 992 3206 1062 3279; x_wconf 90' lang='lat' dir='ltr'>ipsa</span> 
     </span>
     <span class='ocr_line' id='line_1_37' title="bbox 90 3285 1060 3365; baseline -0.001 -19"><span class='ocrx_word' id='word_1_297' title='bbox 90 3289 313 3365; x_wconf 85' lang='lat' dir='ltr'>pulchritudine</span> <span class='ocrx_word' id='word_1_298' title='bbox 335 3288 394 3361; x_wconf 92' lang='lat' dir='ltr'>rei,</span> <span class='ocrx_word' id='word_1_299' title='bbox 428 3285 516 3346; x_wconf 92' lang='lat' dir='ltr'>etiam</span> <span class='ocrx_word' id='word_1_300' title='bbox 540 3285 681 3347; x_wconf 88' lang='lat' dir='ltr'>libentius</span> <span class='ocrx_word' id='word_1_301' title='bbox 707 3288 790 3348; x_wconf 90' lang='lat' dir='ltr'>dabit</span> <span class='ocrx_word' id='word_1_302' title='bbox 815 3287 887 3347; x_wconf 92' lang='lat' dir='ltr'>nibil</span> <span class='ocrx_word' id='word_1_303' title='bbox 914 3287 1060 3348; x_wconf 88' lang='lat' dir='ltr'>debituris</span> 
     </span>
     <span class='ocr_line' id='line_1_38' title="bbox 87 3368 1061 3448; baseline -0.003 -18"><span class='ocrx_word' id='word_1_304' title='bbox 87 3372 148 3432; x_wconf 92' lang='lat' dir='ltr'>nisi</span> <span class='ocrx_word' id='word_1_305' title='bbox 163 3372 245 3448; x_wconf 92' lang='lat' dir='ltr'>quod</span> <span class='ocrx_word' id='word_1_306' title='bbox 261 3372 375 3431; x_wconf 84' lang='lat' dir='ltr'>volunt.</span> <span class='ocrx_word' id='word_1_307' title='bbox 397 3370 539 3430; x_wconf 92' lang='lat' dir='ltr'>minuitur</span> <span class='ocrx_word' id='word_1_308' title='bbox 553 3370 632 3428; x_wconf 89' lang='lat' dir='ltr'>enim</span> <span class='ocrx_word' id='word_1_309' title='bbox 645 3368 743 3444; x_wconf 83' lang='lat' dir='ltr'>gloria</span> <span class='ocrx_word' id='word_1_310' title='bbox 758 3371 822 3430; x_wconf 88' lang='lat' dir='ltr'>eius</span> <span class='ocrx_word' id='word_1_311' title='bbox 839 3372 941 3445; x_wconf 90' lang='lat' dir='ltr'>olficii,</span> <span class='ocrx_word' id='word_1_312' title='bbox 956 3372 1003 3430; x_wconf 88' lang='lat' dir='ltr'>oui</span> <span class='ocrx_word' id='word_1_313' title='bbox 1016 3370 1061 3428; x_wconf 91' lang='lat' dir='ltr'>di-</span> 
     </span>
     <span class='ocr_line' id='line_1_39' title="bbox 87 3456 424 3529; baseline -0.003 -16"><span class='ocrx_word' id='word_1_314' title='bbox 87 3456 214 3529; x_wconf 83' lang='lat' dir='ltr'>ligenler</span> <span class='ocrx_word' id='word_1_315' title='bbox 230 3461 351 3516; x_wconf 90' lang='lat' dir='ltr'>cautum</span> <span class='ocrx_word' id='word_1_316' title='bbox 366 3461 424 3514; x_wconf 89' lang='lat' dir='ltr'>est.</span> 
     </span>
    </p>
   </div>
   <div class='ocr_carea' id='block_1_3' title="bbox 0 0 1186 3840">
    <p class='ocr_par' dir='ltr' id='par_1_5' title="bbox 0 0 1186 3840">
     <span class='ocr_line' id='line_1_40' title="bbox 0 0 1186 3840; baseline 0 1"><span class='ocrx_word' id='word_1_317' title='bbox 0 0 1186 3840; x_wconf 95' lang='lat' dir='ltr'> </span> 
     </span>
    </p>
   </div>
  </div>
 </body>
</html>
