2364 3840
254 183 306 244 ΒΕ
327 184 541 246 BENEFlctls
564 187 685 246 Ltull.
708 197 849 251 ea-aa-
994 190 1035 254 35

59 335 191 396 dicimus
213 342 243 395 et
261 336 331 396 lecti
355 343 385 395 et
400 337 458 395 veli
475 343 504 395 et
519 336 675 409 carminis,
697 352 803 396 canenr
820 345 850 397 et
864 341 1035 400 venaticum

58 427 92 479 el
106 421 253 479 marinum
269 427 299 478 et
309 419 405 494 sidus.
418 419 501 494 ’quia
513 435 574 479 non
587 419 773 492 sufficimus,
789 429 822 481 ut
834 422 961 496 singulis
974 426 1035 482 sin·

58 505 132 579 gula
153 504 365 578 adsignemus,
387 502 526 577 quotiens
544 520 623 578 opus
640 511 701 575 est,
723 511 902 565 mutuamur.
940 505 1063 569 Foru-3

57 588 135 647 tudo
151 594 199 647 est
212 587 307 646 virtus
322 587 458 661 pericula
472 587 552 647 iusta
568 596 765 647 contemnens
781 596 832 648 aut
843 589 970 649 scientia
982 607 1034 664 pe-

56 670 224 732 riculorum
246 670 506 744 repellendorum,
530 672 796 746 excipiendorum,
819 675 1033 747 provocando-

56 772 139 815 rum:
157 755 283 814 dicimus
297 761 395 813 tamen
404 763 434 814 et
444 755 642 829 gladiatorem
656 756 762 816 fortem
769 757 866 817 virum
875 764 1034 818 etservum

58 855 208 914 nequam,
233 855 322 913 quern
344 837 375 896 in
398 846 603 914 contemptum
625 839 730 900 mortis
745 841 898 900 temeritas
916 842 1032 916 inpulit.

56 923 249 982 Parsimonia
263 929 312 982 est
326 922 452 981 scientia
468 925 581 982 vitandi
597 931 737 998 sumptus
754 941 966 999 supervacuos
984 933 1062 987 aut4

57 1023 111 1068 ars
126 1022 160 1065 re
176 1005 313 1066 familiari
327 1007 484 1067 moderate
498 1008 617 1067 utendi:
641 1009 851 1081 parcissimum
867 1017 966 1069 tamen
978 1010 1033 1071 ho-

57 1091 170 1151 minem
186 1106 332 1150 vocamus
349 1092 451 1166 pusilli
467 1093 557 1150 animi
573 1097 603 1150 et
619 1092 778 1165 contracti,
801 1108 868 1151 cum
884 1093 1032 1154 infinitum

57 1173 178 1235 intersit
192 1175 270 1234 inter
286 1175 408 1235 modum
423 1182 452 1234 et
469 1175 637 1249 angustias.
666 1175 742 1234 hacc
758 1176 816 1234 alia
832 1183 902 1235 sunt
916 1185 1032 1251 natura,

58 1260 116 1319 sed
139 1258 231 1319 elficit
250 1257 354 1334 inopia
374 1260 540 1333 sermonis,
562 1265 596 1318 ut
612 1265 641 1317 et
663 1258 743 1317 hunc
762 1266 792 1317 et
806 1259 888 1317 illum
907 1277 1032 1333 parcum

57 1358 222 1417 vocemuS,
244 1350 277 1402 ut
291 1352 320 1403 el
333 1343 384 1402 ille
399 1343 485 1402 fortis
498 1343 615 1402 dicatur
629 1358 696 1401 curn
712 1341 831 1402 ratione
847 1343 969 1402 fortuita
981 1345 1032 1401 de-

59 1427 196 1500 spiciens
219 1434 248 1487 et
269 1426 319 1486 hic
341 1427 407 1487 sine
427 1427 545 1487 ratione
566 1428 595 1485 in
612 1428 750 1501 pericula
766 1441 944 1485 excurrens.
983 1425 1060 1487 Sic5

57 1510 242 1570 beneficium
266 1519 312 1570 est
333 1519 362 1570 ct
382 1511 475 1582 actio,
504 1517 538 1569 ut
552 1511 698 1584 diximuS,
727 1509 866 1569 benefica
881 1518 910 1569 et
932 1511 1032 1583 ipsum

59 1595 144 1669 quod
165 1594 253 1654 datur
275 1611 332 1668 per
351 1595 430 1654 illam
451 1594 617 1668 actionem,
642 1602 674 1653 ut
694 1594 837 1668 pecunia,
861 1601 894 1653 ut
912 1594 1031 1665 domus

56 1683 92 1738 ut
112 1684 285 1750 praetexta:
314 1694 406 1736 unum
427 1677 547 1752 utrique
569 1693 677 1737 nornen
700 1685 762 1751 est,
791 1679 838 1738 vis
856 1678 977 1752 quidem
998 1694 1033 1737 ac

57 1764 198 1834 potestas
213 1761 304 1832 louge
319 1760 386 1817 alia.

121 1839 242 1902 XXXV.
264 1842 371 1915 ltaque
385 1842 529 1916 adtende,
544 1844 603 1901 iam
614 1844 772 1916 intelleges
785 1845 857 1902 nihil
869 1861 932 1918 me,
950 1845 1031 1919 quod
1045 1848 1060 1900 1

60 1924 163 2000 opinio
189 1932 241 1985 tua
264 1925 409 1998 refugiat,
444 1924 561 1984 diccre=
594 1926 655 1983 illi
682 1926 896 1998 beneficio,
932 1928 1033 2001 quod

60 2010 162 2068 actio
190 2009 366 2084 perlicit,
393 2010 519 2067 relata
546 2009 671 2082 gratia
692 2016 766 2083 est,
794 2009 826 2068 si
848 2008 945 2068 illud
967 2009 1032 2067 be-

57 2095 200 2153 nevole
233 2092 463 2167 excipimus.
507 2092 604 2152 illud
639 2093 820 2165 alterum,
860 2093 960 2166 quod
992 2107 1032 2150 re

58 2178 299 2250 continetur,
328 2177 493 2236 nondum
522 2175 765 2236 reddidimus
796 2182 831 2234 et
853 2177 1031 2235 volumus

56 2262 152 2320 redd
162 2277 233 2321 cre.
270 2261 424 2321 Voluntati
438 2261 592 2320 voluntate
605 2260 824 2333 satisfecimus,
847 2261 891 2319 rei
902 2276 965 2319 rein
978 2260 1031 2319 de-

56 2346 175 2404 bemus.
208 2346 314 2418 Itaque
330 2345 468 2418 quamvis
482 2344 626 2404 retulisse
641 2345 723 2404 illum
740 2342 866 2418 gratiam
882 2344 1029 2414 dicamus

58 2428 111 2503 qui
132 2427 315 2487 beneficium
336 2427 464 2488 libenter
485 2428 610 2501 accipit,
639 2428 777 2487 iubemus
798 2434 897 2485 tamen
914 2427 1030 2501 aliquid

57 2512 100 2582 ei,
132 2511 214 2585 quod
237 2511 369 2586 accepit,
400 2513 538 2570 reddere.
579 2515 608 2570 A
633 2511 854 2570 consuetudine
877 2511 1058 2582 quaedama

58 2610 137 2669 quae
148 2594 276 2655 dicimus
288 2595 459 2667 abhorrent,
474 2595 584 2653 deinde
596 2592 654 2652 alia
667 2595 716 2652 via
728 2594 766 2652 ad
781 2592 1030 2651 consuetudinem

55 2679 200 2739 redeunt:
229 2695 376 2753 negamus
397 2676 535 2738 iniuriam
558 2677 698 2750 accipere
720 2676 903 2749 sapientem,
930 2680 1030 2733 lernen

57 2762 108 2836 qui
124 2763 206 2820 illum
222 2779 325 2837 pugno
341 2761 543 2836 percusserit,
561 2760 736 2818 iniuriarum
749 2757 948 2817 damnabitur.
977 2774 1027 2816 ne-

55 2861 163 2918 gamus
182 2846 263 2905 stulti
279 2847 442 2920 quicquam
458 2859 544 2914 esse,
568 2849 712 2903 ettamen
729 2858 812 2914 eum,
834 2842 884 2915 qui
899 2858 964 2901 rem
976 2843 1029 2902 ali-

56 2945 148 3002 quam
171 2929 262 2988 stulto
284 2930 448 3004 subripuit,
478 2927 548 2986 furti
575 2925 855 2986 condemnabimus.
895 2926 1029 2985 insanire

55 3028 164 3072 omnes
181 3012 324 3085 dicimus,
346 3028 403 3072 nec
418 3020 518 3072 tamen
535 3025 641 3069 omnes
657 3025 799 3070 curamus
812 3010 957 3071 elleboro.
980 3009 1027 3067 bis

54 3096 148 3171 ipsiS,
165 3113 243 3171 quos
256 3111 403 3156 vocamus
416 3097 558 3167 insanOS,
575 3100 604 3152 et
615 3092 791 3168 suffragium
806 3101 835 3153 ct
846 3092 1027 3152 iurisdictio-

53 3196 122 3239 nem
141 3180 364 3240 committimus.
401 3179 432 3238 Si
445 3179 573 3238 dicimus
585 3193 668 3251 eum,
687 3179 736 3252 qui
750 3177 930 3236 beneficIum
945 3177 1026 3235 bono
1040 3185 1056 3237 3

54 3265 155 3323 animo
178 3264 301 3338 accipit,
331 3263 456 3336 gratiam
481 3261 638 3334 retulisse,
669 3262 862 3321 nihilominus
888 3262 970 3321 illurn
997 3260 1027 3316 in

53 3363 125 3407 aere
151 3348 249 3408 alieno
275 3347 474 3420 relinquimus
495 3344 620 3420 gratiam
641 3348 819 3415 relaturum,
849 3346 936 3403 etiam
960 3358 1028 3400 curn

51 3430 168 3490 retulit:
193 3429 363 3492 exhortatio
376 3437 423 3489 est
433 3431 498 3504 illa,
514 3446 573 3489 non
586 3429 724 3490 infitiatio
737 3427 886 3543 beneficii.
912 3424 1027 3482 Timea-
