2364 3840
125 201 187 265 170
312 228 316 235 ·
411 201 444 260 L.
467 199 612 261 ANNAEI
635 198 811 259 SENECAE

125 354 198 430 quid
213 369 285 428 ergo
298 352 360 426 srtt
381 354 530 424 colorem,
546 368 607 412 non
623 351 782 425 imaginem
798 353 928 413 ducunt:
951 349 1090 430 alioquin

122 473 165 484 -
179 445 212 498 ut
225 439 267 497 ait
280 437 359 495 Nero
376 437 489 495 Caesar
504 436 712 508 disertissime,

207 525 281 581 colla
297 521 489 595 Cytheriacae
503 520 659 594 splendent
675 521 790 593 appoto
802 518 973 578 ademtae.-

123 612 153 664 et
173 605 266 663 variis
289 602 442 662 coloribus
460 618 612 676 pavonum
627 601 745 673 cervix,
769 601 911 676 quotiens
926 601 1032 676 aliquo
1046 603 1093 661 de-

124 688 261 756 flectitur,
287 687 373 745 nitet=
387 717 430 728 -
449 685 597 760 numquid
617 701 690 758 ergo
713 685 850 744 dicemus
869 686 1001 758 specula
1019 686 1092 745 eius·

124 772 206 831 modi
222 771 355 843 plumaS,
380 783 509 841 quarum
530 768 628 827 omnis
643 768 796 828 inclinatio
814 765 845 827 in
861 769 984 828 colores
1000 785 1093 829 novos

95 854 255 920 ttransitt
288 850 354 909 Non
379 849 478 909 minus
503 850 600 910 nubes
624 852 776 911 diversam
801 857 937 910 naturam
964 852 1093 927 speculis

124 936 236 995 habent
251 949 341 1008 quam
363 948 451 1007 aves,
475 950 552 1008 quas
569 935 671 1007 retuli,
693 942 723 993 et
738 934 985 995 chamaeleontes
999 943 1030 995 et
1042 936 1093 994 alia

124 1018 278 1090 animalia,
301 1033 430 1091 quorum
446 1018 531 1078 color
544 1024 596 1077 out
609 1033 648 1076 ex
662 1017 738 1093 ipsis
753 1024 892 1091 mutatur,
910 1033 981 1078 cum
996 1019 1041 1078 ira
1051 1018 1093 1076 vel

125 1102 268 1176 cupidine
291 1101 417 1160 incensa
438 1107 536 1160 cutem
557 1117 644 1160 suam
666 1101 784 1160 variant
805 1101 934 1162 humore
958 1102 1092 1173 subfuso,

126 1193 177 1244 aut
192 1184 343 1259 positione
358 1183 451 1256 lucis,
474 1201 564 1258 quam
581 1191 671 1258 prout
689 1193 801 1244 rectam
816 1186 864 1243 vel
881 1183 1037 1260 obliquam
1052 1199 1092 1243 re·

95 1273 285 1342 sonnerunt,
310 1269 351 1329 ita
371 1270 555 1328 colorantur.
591 1268 668 1341 Quid
688 1269 767 1327 enim
782 1268 880 1328 simile
895 1269 1033 1342 speculis
1047 1267 1092 1326 ha-

125 1354 197 1411 bent
218 1352 331 1421 nubes,
356 1368 423 1411 cum
445 1351 495 1409 illa
515 1368 576 1410 non
598 1353 790 1426 perluceant,
816 1350 874 1410 hae
896 1351 1092 1412 transmittant

46 1428 52 1441 '
125 1439 245 1495 lucem?
266 1435 316 1494 illa
331 1435 428 1493 densa
442 1441 473 1493 et
487 1442 605 1506 coacta,
623 1434 679 1493 liae
693 1449 780 1493 rarae
795 1434 875 1493 sintt
895 1434 949 1495 illa
960 1434 1090 1496 eiusdem

125 1517 268 1578 materiae
279 1525 350 1587 tota,
364 1516 421 1576 hae
433 1517 563 1576 diversis
573 1518 960 1592 temereconpositaeetob
969 1517 1092 1579 hocdis·

125 1602 236 1662 cordes
254 1616 311 1658 neu
326 1601 378 1659 diu
391 1599 599 1660 cohaesuraet
618 1599 780 1660 Praeterea
790 1601 930 1660 videmus
944 1601 1092 1662 ortusolis

125 1689 241 1758 partem
256 1683 418 1756 quamdam
433 1684 511 1743 coeli
527 1684 643 1743 rubere.
666 1684 805 1743 videmus
820 1684 920 1743 nubes
932 1684 1091 1758 aliquando

124 1767 205 1841 ignei
226 1767 347 1826 coloris.
377 1765 450 1841 quid
471 1782 544 1842 ergo
560 1767 713 1841 prohibet,
738 1766 893 1842 quomodo
908 1767 992 1847 lrunc
1007 1783 1093 1828 unum

126 1852 259 1910 colorem
275 1848 429 1924 accipiunt
443 1851 518 1911 solis
534 1866 680 1922 occursu,
703 1851 748 1909 sic
763 1852 873 1911 multos
885 1848 923 1909 ab
939 1849 1000 1911 illis
1013 1850 1092 1923 trahi,

96 1951 113 2006 9
127 1934 265 2008 quamvis
286 1951 346 1994 non
361 1934 493 1993 habeant
507 1935 624 2008 speculi
640 1934 824 2008 potentiam?
858 1932 970 2008 Modo,
992 1933 1093 2010 inquii,

124 2018 202 2078 inter
215 2025 392 2092 argumenta
406 2018 544 2091 ponebas
560 2032 682 2091 semper
696 2032 799 2076 arcum
814 2024 920 2077 contra
935 2020 1035 2078 solem
1046 2032 1093 2077 ex·

126 2101 223 2173 citari,
249 2102 319 2175 quia
340 2116 378 2158 ne
398 2117 417 2158 a
437 2101 563 2175 speculo
586 2100 708 2175 quidem
729 2101 828 2174 imago
844 2099 1028 2162 redderetur
1042 2099 1094 2160 nisi

125 2185 268 2257 adverso.
304 2183 386 2252 Hoc,
408 2181 519 2256 inquit,
541 2198 699 2262 commune
716 2182 805 2244 nobis
821 2190 876 2243 est.
904 2199 974 2243 nam
995 2200 1094 2261 quem·

125 2265 288 2324 admodum
310 2264 527 2338 opponendum
548 2271 596 2324 est
616 2268 744 2341 speculo
759 2267 804 2338 id,
828 2267 915 2326 cuius
930 2266 960 2326 in
977 2284 1014 2328 se
1027 2269 1094 2326 ima-

125 2348 225 2422 ginem
243 2349 420 2420 transferat,
444 2348 503 2422 sic,
526 2355 560 2408 ut
573 2351 671 2410 nubes
686 2349 768 2410 infici
783 2349 917 2425 possint,
940 2349 983 2411 ita
998 2353 1045 2411 sol
1060 2349 1096 2409 ad

124 2432 184 2491 hoc
200 2438 270 2506 apte
287 2432 448 2507 ponendus
466 2439 522 2492 est.
546 2434 700 2493 nonenim
716 2434 795 2493 idem
811 2433 897 2505 lacit,
919 2432 948 2493 si
962 2435 1096 2510 undique

125 2515 247 2576 effulsit.
268 2517 351 2577 etad
366 2517 424 2577 hoc
440 2533 518 2591 opus
534 2524 582 2576 est
595 2518 749 2578 radiorum
763 2517 894 2576 idoneus
910 2517 1023 2577 ictus.“

83 2615 118 2666 10
186 2600 270 2660 Haec
290 2601 430 2662 dicuntur
450 2600 488 2658 ab
504 2596 567 2672 his,
588 2602 640 2676 qui
654 2600 751 2660 m'deri
765 2602 871 2662 volunt
885 2599 996 2659 nubem
1016 2601 1092 2662 colo·

124 2683 193 2741 rari.
227 2684 410 2744 Posidonius
427 2691 456 2742 et
476 2684 520 2757 hi,
545 2685 597 2758 qui
612 2684 765 2760 speculari
779 2684 898 2744 ratione
912 2685 1003 2743 talem
1019 2683 1096 2744 ellici

124 2765 259 2824 iudicant
278 2767 393 2843 visum,
417 2767 477 2827 hoc
491 2768 693 2839 respondent:
722 2768 769 2839 „si
784 2769 864 2826 ullus
880 2774 965 2827 esset
978 2767 1010 2826 in
1027 2782 1096 2826 arcu

125 2847 223 2919 color,
246 2857 437 2920 permaneret
456 2855 486 2909 et
508 2848 658 2909 viseretur
671 2864 709 2907 eo
723 2851 928 2924 manifestim,
951 2867 1013 2925 quo
1028 2865 1109 2927 pro--

124 2928 213 3002 pius:
242 2946 322 2989 nunc
349 2930 448 3005 imago
475 2947 580 3002 arcus,
610 2946 650 2990 ex
672 2930 838 3007 longinquo
864 2935 962 3005 clara,
989 2931 1095 3005 interit,

83 3025 115 3075 11
125 3026 192 3069 cnm
208 3025 247 3069 ex
263 3010 362 3070 vicino
377 3020 498 3072 ventum
510 3017 588 3072 est.“
621 3014 698 3073 Huic
709 3015 941 3076 contradictioni
951 3032 1014 3078 non
1026 3033 1095 3077 con-

125 3094 239 3166 sentio,
262 3108 329 3152 cum
351 3095 451 3170 ipsam
471 3097 651 3156 sententiam
673 3097 809 3169 probem.
839 3105 956 3174 queret
982 3101 1095 3160 dicam:

45 3192 53 3201 ·
127 3177 197 3251 quia
212 3177 364 3237 coloratur
379 3179 502 3252 quidem
523 3179 636 3252 nubes,
657 3181 713 3240 sed
729 3182 781 3252 ite,
805 3189 838 3241 ut
852 3183 938 3243 color
953 3183 1020 3244 eius
1037 3199 1095 3243 non

126 3261 261 3336 undique
276 3259 431 3335 adpareat.
454 3278 523 3321 nam
538 3278 576 3321 ne
593 3264 661 3337 ipsa
677 3264 798 3338 quidem
813 3266 950 3340 undique
961 3268 1095 3342 adparet

126 3345 236 3405 nubem
253 3343 332 3409 enirn
347 3359 451 3417 nemo,
475 3347 571 3420 quiin
587 3345 657 3421 ipsa
671 3356 733 3420 est,
756 3347 848 3408 videt.
870 3349 944 3424 quid
955 3365 1030 3425 ergo
1045 3351 1097 3410 mi-

125 3444 206 3504 rum,
228 3429 254 3488 si
270 3430 355 3490 color
370 3428 435 3488 eius
450 3446 512 3489 non
527 3431 646 3490 videtur
659 3430 698 3490 ab
714 3446 767 3506 eo,
787 3447 805 3488 a
821 3448 881 3507 quo
897 3434 967 3507 ipsa
981 3450 1043 3494 non
1056 3433 1084 3492 vi
