2346 3832
172 161 233 224 138
440 162 473 221 L.
496 161 643 221 ANNAEI
667 161 841 222 SENECAE

169 314 241 373 dum
258 321 320 388 εει,
344 314 500 389 quomodo
515 311 702 373 liberalitatis
714 314 1002 375 materiaadversus
1014 329 1085 375 eum
1097 332 1147 376 su-

139 399 277 473 6persit,
302 397 389 458 euius
406 399 550 458 universa
569 412 640 456 esse
662 398 883 457 concessimus.
921 397 1031 458 Omnia
1052 400 1145 473 patris

169 489 255 555 sunt,
279 498 358 556 quae
381 484 410 540 in
432 482 594 541 liberomm
612 496 703 541 manu
723 486 806 539 sunt:
837 479 906 556 quis
921 488 1023 540 tamen
1049 483 1147 543 nescit

168 567 284 624 donare
305 564 419 640 aliquid
441 564 580 624 etlilium
597 565 694 638 patrii
729 562 836 623 Omnia
849 565 978 643 deorum
994 572 1081 625 sunt:
1103 573 1144 626 ta-

168 665 236 708 men
253 656 282 708 et
293 649 341 708 dis
353 650 467 707 donum
479 648 639 722 posuimus
651 654 681 706 et
692 645 802 722 stipem
814 648 951 708 lecimus.
985 647 1054 708 Non
1066 648 1144 725 ideo,

169 732 251 806 quod
273 732 387 804 habeo,
401 743 507 790 'meum
529 747 590 789 non
612 739 672 802 est,
696 731 723 789 si
742 747 843 790 meum
860 737 942 792 tuum
958 738 1022 791 est:
1045 739 1146 806 potest

138 817 244 875 ienim
267 815 345 872 idem
367 830 438 873 csse
459 829 559 873 meum
576 822 605 873 et
618 821 711 873 tuum.
747 815 812 886 „ls‚
837 814 949 889 inquit,
971 815 1060 876 cuius
1075 831 1142 890 pro-

167 899 287 957 stitutae
303 904 387 971 sunt,
409 899 478 956 leno
496 904 551 956 est.
574 899 675 956 omnia
690 905 789 956 autem
801 898 949 972 sapientis
963 905 1046 959 sunt.
1070 899 1145 959 inter

166 982 267 1039 omnia
282 987 311 1038 et
322 981 502 1054 prostitutae
514 988 599 1041 sunt:
614 996 688 1054 ergo
704 979 883 1055 prostitutae
897 981 1049 1056 sapientis
1065 990 1143 1044 sunt.

165 1067 234 1123 leno
256 1071 357 1123 autem
372 1073 432 1138 est,
454 1065 540 1124 cuius
557 1065 736 1140 prostitutae
755 1073 839 1125 sunt:
862 1081 937 1140 ergo
953 1067 1081 1140 sapiens
1098 1073 1144 1126 εει

135 1148 265 1208 81εηο.“
302 1147 353 1208 Sic
368 1150 450 1209 illum
465 1155 569 1209 vetant
583 1163 693 1207 emere.
717 1149 927 1208 dicuntenim=
950 1149 1068 1223 „Nemo
1080 1166 1143 1209 rem

165 1249 252 1292 snam
274 1232 354 1292 emit.
387 1233 488 1293 omnia
510 1240 609 1292 autem
631 1232 779 1306 sapientis
801 1240 891 1292 sunt:
922 1248 997 1307 ergo
1016 1233 1140 1308 sapiens

165 1317 237 1375 nihil
259 1317 357 1376 emit.“
397 1315 448 1375 Sic
472 1322 574 1375 vetant
593 1322 622 1374 et
642 1322 776 1374 mutuum
798 1331 933 1390 sumere,
957 1317 1031 1391 quia
1053 1331 1140 1377 nemo

163 1416 288 1459 usuram
305 1416 360 1472 pro
378 1400 508 1473 pecunia
523 1415 579 1458 sua
590 1399 712 1472 pendat.
736 1398 970 1459 Innumerabilia
984 1407 1072 1475 sunt,
1088 1417 1141 1475 per

165 1499 244 1557 quae
259 1483 450 1554 cavillantur,
474 1497 542 1540 eum
556 1482 771 1555 pulcherrime,
796 1481 868 1556 quid
880 1498 899 1541 a
911 1483 1002 1543 nobis
1015 1484 1140 1559 dicatur,

163 1566 345 1638 intellegant.

135 1648 150 1698 1
223 1649 261 1704 V.
291 1647 387 1704 Etiam
408 1645 453 1705 sic
469 1647 569 1706 omnia
584 1648 731 1722 sapientis
747 1663 819 1707 esse
833 1647 919 1721 dico,
941 1656 976 1708 ut
990 1649 1138 1711 nihilomi-

163 1746 219 1788 nus
242 1729 398 1803 proprium
420 1731 552 1805 quisque
572 1732 601 1790 in
624 1732 716 1791 rebus
743 1731 807 1790 suis
829 1731 996 1791 dominium
1018 1733 1136 1807 habeat,

164 1813 420 1888 quomadmodum
442 1815 499 1874 sub
518 1813 630 1890 optimo
645 1830 718 1889 rege
733 1814 834 1873 omnia
847 1829 903 1872 rex
916 1815 1048 1890 irnperio
1066 1834 1136 1893 pos·

163 1897 256 1971 sidet,
279 1898 388 1972 singuli
404 1898 548 1959 dominio.
583 1900 716 1972 Tempus
731 1898 818 1956 istius
833 1898 1013 1972 probandae
1027 1901 1073 1961 rei
1086 1916 1136 1961 ve·

162 1983 231 2041 niet.
265 1982 381 2040 interim
404 1983 463 2042 hoc
484 1982 555 2042 huic
578 1981 749 2056 quaestioni
770 1987 818 2040 sat
842 1987 889 2041 est
909 1997 958 2040 me
979 1982 1026 2057 id,
1056 1985 1138 2059 quod

162 2066 248 2123 aliter
269 2065 431 2138 sapientis,
454 2065 539 2123 aliter
556 2082 655 2125 meum
671 2073 732 2138 εει,
756 2080 851 2138 ροεεε
866 2065 982 2125 donare
996 2065 1137 2142 sapienti.

131 2149 222 2204 2Nec
238 2148 344 2205 mirum
360 2156 407 2206 est
422 2148 536 2219 aliquid
552 2149 594 2218 ei,
618 2149 704 2207 ouius
721 2155 767 2207 est
782 2155 891 2222 totum,
907 2164 1005 2222 posse
1020 2150 1138 2211 donari.

161 2228 300 2286 Conduxi
322 2229 443 2287 domum
465 2245 483 2286 a
504 2236 543 2288 te.
572 2231 602 2289 in
624 2230 682 2289 hac
703 2231 818 2306 aliquid
838 2238 922 2291 tuum
937 2238 999 2305 est,
1023 2235 1139 2310 aliquid

160 2326 275 2370 meum:
298 2326 348 2368 res
369 2318 420 2369 tua
442 2319 502 2384 est,
525 2330 601 2372 usus
621 2315 665 2372 rei
686 2322 756 2374 tuae
777 2330 863 2375 meus
880 2321 935 2374 est.
962 2315 1068 2390 itaque
1082 2332 1137 2377 nee

160 2396 276 2454 lruotus
301 2400 406 2468 tanges
430 2397 539 2454 colono
563 2404 614 2456 tuo
641 2398 835 2472 prohibente,
865 2399 1004 2473 quamvis
1030 2408 1084 2461 tua
1107 2403 1136 2459 in

159 2479 361 2556 possessione
383 2488 566 2555 nascantur,
596 2488 625 2540 et
650 2480 677 2539 si
703 2497 824 2541 annona
849 2482 948 2542 carior
974 2483 1067 2544 fuerit
1087 2491 1137 2543 aut

160 2566 272 2638 sames,

242 2650 300 2708 bert
319 2649 440 2722 frustra
460 2665 600 2723 meantem
615 2652 739 2713 alterius
753 2649 897 2724 spectabis
911 2665 1054 2710 acervum

130 2731 187 2788 3in
203 2737 255 2789 tuo
271 2740 389 2804 natum,
405 2732 435 2792 in
451 2742 503 2794 tuo
519 2732 668 2808 positum⁷
691 2733 720 2789 in
735 2731 846 2790 horrea
860 2732 969 2791 iturum
985 2740 1049 2793 tua.
1074 2733 1134 2792 Noc

159 2813 340 2872 conductum
357 2832 472 2888 meum,
490 2832 674 2892 quamquam
690 2816 732 2874 sis
749 2815 904 2888 dominus,
920 2815 1058 2877 intrabis.
1079 2831 1135 2874 noc

158 2909 280 2952 servum
303 2904 400 2970 tuum,
430 2899 648 2960 mercenarium
672 2914 786 2972 meum,
815 2897 962 2957 abduces.
991 2907 1021 2959 et
1035 2913 1134 2960 cuma

156 2987 186 3036 te
201 2975 327 3034 rhedam
343 2983 535 3057 conduxero,
557 2982 739 3042 beneficium
755 2981 904 3056 accipies,
925 2981 952 3041 si
966 2982 1021 3042 tibi
1036 2981 1068 3042 in
1082 2996 1133 3041 ve·

157 3058 258 3119 hieulo
275 3067 325 3119 tuo
344 3063 453 3122 sedere
468 3067 646 3138 permisero.
682 3064 780 3123 Vides
795 3080 868 3139 ergo
884 3080 981 3139 posse
995 3066 1078 3140 fieri,
1101 3071 1133 3126 nt

157 3143 269 3218 aliquis
285 3145 464 3217 accipiendo
482 3152 563 3221 quod
580 3165 667 3209 suum
683 3155 745 3221 est,
768 3163 878 3208 munus
894 3150 1034 3224 accipiat.

126 3241 141 3293 1
218 3228 270 3286 Vl.
292 3229 325 3285 ln
342 3226 483 3288 omnibus
494 3232 575 3304 istis,
599 3248 678 3307 quae
689 3232 780 3291 modo
793 3232 894 3305 retuli,
910 3239 1042 3308 uterque
1052 3233 1130 3293 eius·

158 3315 226 3372 dem
241 3312 285 3370 rei
300 3311 441 3371 dominus
457 3320 513 3372 est.
549 3314 729 3386 Quomodo?
752 3315 823 3388 quia
840 3315 915 3374 alter
930 3313 975 3375 rei
991 3316 1128 3376 dominus

158 3404 220 3471 est,
244 3396 318 3457 alter
331 3411 417 3454 usus.
453 3395 562 3454 Libros
580 3397 708 3456 dicimus
725 3413 796 3456 esse
810 3399 975 3458 Ciceronis.
1005 3400 1127 3460 eosdem

156 3485 255 3546 Dorus
271 3477 411 3540 librarius
428 3494 503 3538 suos
516 3487 621 3549 vocat,
645 3485 675 3537 et
685 3485 846 3554 utrumque
857 3497 964 3541 verum
976 3489 1034 3543 est.
1058 3481 1127 3541 alter
