2364 3840
119 171 183 236 288
423 172 456 230 L.
478 172 623 231 ANNAEI
644 171 819 232 SENECAE

116 332 146 385 et
165 324 232 383 aliis
255 323 357 383 causis
373 322 601 398 quiescentibus
622 322 700 382 intra
714 337 764 392 se,
788 338 849 396 quo
866 331 1027 401 mergatur,
1049 325 1090 383 in-

90 409 226 483 qveniet.
263 407 314 466 Sic
335 422 447 480 magna
462 407 562 466 omnia
577 407 694 465 coitura
709 405 897 465 crediderim.
925 422 984 466 nec
1002 409 1091 482 longo

116 493 171 551 erit
191 507 275 550 mora
296 491 387 550 exitii.
414 497 576 565 temptatur
592 489 804 563 divelliturque
819 491 997 550 concordia.
1025 507 1091 552 cum

116 577 209 634 semei
232 575 346 648 aliquid
363 590 401 633 cx
417 574 474 632 hac
490 574 600 633 idonea
615 573 769 646 diligentia
783 573 935 632 remiserit
948 577 1089 648 mundus,

115 659 214 718 statim
235 660 370 733 undique
393 673 432 716 ex
454 665 558 732 operto
577 665 607 716 et
620 656 738 730 abdito,
761 671 911 733 superne,
934 657 973 716 ab
988 657 1090 719 infimo

86 757 262 819 fiaquarum
284 743 335 801 siet
356 739 492 814 irruptio.
533 739 611 799 Nihil
627 749 675 800 est
689 746 749 799 tam
765 738 946 810 violentum,
970 747 1031 800 tam
1047 745 1088 802 in-

115 826 273 886 continens
296 825 358 894 sui,
388 832 446 882 tarn
470 831 634 883 contumax
660 821 866 897 infestumque
890 823 1090 886 retinentibus

116 924 207 983 quam
227 923 337 981 magna
360 906 405 965 vis
425 907 541 966 undae:
564 914 664 968 utetur
682 906 818 967 libertate
833 905 986 982 permissa
1001 917 1031 968 et
1045 910 1088 969 iu-

114 992 204 1050 bente
226 999 332 1050 notura
352 1007 432 1065 quae
453 990 564 1050 scindit
587 990 754 1065 circuitque
771 989 937 1065 conpiebit.
965 998 998 1051 ut
1011 992 1087 1067 ignis

115 1074 244 1133 diversis
266 1074 342 1133 locis
365 1083 448 1134 ortus
471 1075 530 1135 cito
549 1075 655 1133 miscet
670 1074 843 1133 incendium
858 1072 990 1135 flammis
1008 1077 1088 1136 coire

114 1158 360 1232 properantibus,
379 1159 423 1217 sic
436 1165 588 1218 momento
601 1173 636 1218 se
647 1157 849 1216 redundantia
861 1157 1001 1231 pluribus
1013 1160 1088 1218 locis

86 1241 208 1302 imaria
236 1242 429 1301 committent.
469 1241 531 1300 Nec
552 1258 589 1301 ea
609 1255 733 1315 semper
755 1241 877 1300 licentia
902 1241 995 1302 undis
1022 1244 1084 1314 erit,

114 1326 169 1384 sed
191 1334 314 1400 peracto
336 1326 448 1385 iudicio
466 1325 587 1399 generis
602 1324 724 1386 humani
739 1323 963 1399 exstinctisque
978 1325 1087 1401 pariter

114 1409 205 1482 ieris,
236 1409 415 1484 inquorum
440 1408 580 1468 homines
608 1407 729 1482 ingenia
752 1407 954 1482 transierant,
982 1411 1086 1470 iterum

114 1508 211 1565 aquas
228 1501 306 1552 terro
325 1491 473 1563 sorbebit,
495 1498 575 1550 terra
591 1492 719 1566 pelagus
735 1498 816 1551 stare
831 1498 883 1551 aut
896 1489 977 1551 iutra
989 1493 1084 1553 termi-

113 1592 171 1634 nos
187 1591 262 1635 suos
279 1575 379 1634 furere
391 1582 480 1649 coget
494 1582 524 1633 et
538 1576 669 1634 reiectus
684 1591 702 1634 e
717 1574 830 1634 nostris
846 1574 974 1635 sedibus
989 1577 1019 1637 in
1032 1592 1085 1635 sua

113 1666 232 1717 secreta
258 1658 385 1732 pelletur
408 1672 542 1717 oceanus
568 1666 597 1717 et
622 1658 765 1731 antiquus
785 1657 861 1717 ordo
885 1659 1084 1720 revocabitur.

84 1748 101 1802 8
116 1740 211 1802 Omne
227 1757 265 1800 ex
281 1741 398 1816 integro
415 1742 524 1801 animai
538 1743 729 1816 qenerabitur
740 1741 922 1816 dabiturque
933 1743 1022 1802 terris
1034 1744 1084 1804 ho·

113 1841 162 1884 mo
185 1824 300 1885 inscius
322 1826 472 1885 scelerum
494 1833 524 1885 et
537 1824 714 1885 melioribus
728 1823 875 1898 auspiciis
891 1832 990 1886 natus.
1026 1826 1084 1887 Sed

113 1908 172 1968 iilis
194 1926 318 1984 quoque
337 1909 510 1969 innocentia
525 1925 586 1967 non
602 1908 736 1981 durabit,
761 1908 818 1967 nisi
834 1908 905 1967 dnm
920 1911 993 1969 novi
1008 1917 1083 1971 sunt.

114 1993 177 2052 Cito
198 1995 333 2068 nequitia
355 1992 507 2067 subrepit:
535 1992 631 2052 virtus
656 1992 787 2052 difficilis
808 1989 934 2051 inventu
956 2001 1012 2054 cst.
1040 2009 1081 2052 rc-

113 2086 227 2137 ctorem
254 2079 423 2151 ducemque
451 2075 624 2136 desiderat:
654 2077 743 2135 etiam
764 2075 831 2135 sine
851 2075 997 2149 magistro
1017 2076 1082 2137 vitiu

114 2161 280 2218 discuntur.

496 2264 703 2275 ”—

393 2406 426 2485 in
455 2403 594 2486 tttttiltl
622 2405 794 2490 suttorp
854 2527 861 2542 ι

451 2557 514 2617 ‚no
543 2557 731 2610 nuornrun

125 2671 551 2772 NATURALIUM
600 2673 1068 2778 QUAESleNUii

494 2841 628 2902 nlsstttt
652 2840 700 2901 IV.

428 3133 767 3210 [PRAEFATIO]

84 3240 96 3288 1
171 3228 307 3288 Delectat
327 3234 373 3302 te,
402 3233 659 3304 quemadmodum
679 3232 804 3308 scribis,
832 3234 928 3295 Lucili
950 3236 1081 3297 virorum

111 3313 238 3386 optime,
262 3311 364 3372 Sicilia
381 3321 411 3372 et
427 3314 560 3375 officium
577 3319 800 3392 procurationis
817 3318 935 3379 otiosae
952 3320 1080 3380 deiecta-

109 3395 233 3471 bitque,
262 3397 288 3457 si
317 3398 471 3460 continere
502 3400 532 3458 id
557 3400 634 3461 intra
661 3402 738 3461 fines
764 3418 839 3462 suos
868 3400 1003 3465 volueris
1028 3419 1081 3467 nec
