2364 3840
150 167 214 230 280
437 165 471 223 L.
493 166 639 224 ANNAEl
662 165 838 225 SENECAE

150 318 259 391 haesit,
272 315 448 376 absciditur.
471 316 581 376 deinde
593 331 659 375 cum
672 317 857 391 ceciderunt,
869 318 970 379 solido
980 326 1131 394 exceptae

152 402 291 461 resiliunt
311 416 397 459 more
420 399 516 474 pilae,
540 415 619 473 quae
635 414 703 459 cum
719 401 843 473 cecidit,
866 404 998 462 exsultat
1013 418 1050 462 ac
1066 419 1130 462 sae-

153 488 221 561 pius
239 484 368 560 pellitur,
390 484 501 542 totiens
516 499 535 541 a
549 483 617 543 solo
632 484 662 541 in
678 499 790 542 novum
806 485 940 559 inpetum
954 486 1062 546 missa.
1101 486 1131 545 Si

152 585 225 628 vcro
248 570 277 627 in
299 566 509 640 stagnantibus
532 566 621 640 aquis
644 567 744 626 delata
765 575 847 641 sunt,
873 567 924 628 hic
949 569 1019 642 ipse
1041 584 1131 629 casus

151 653 252 712 vicina
274 650 408 711 concutit
425 649 534 722 fluctu,
558 665 647 723 quem
665 650 796 709 subitum
813 659 996 726 vastumque
1010 652 1131 712 inlisum

152 753 190 794 ex
208 736 267 795 alto
285 735 406 809 pondus
422 734 540 794 eiecit.“

213 820 261 878 xl.
286 817 442 890 Quidam
463 815 615 889 ignibus
636 816 790 891 quidem
808 817 1131 892 adsiguuuthunc

152 913 371 977 tremerem,
396 899 464 958 sed
488 900 612 959 aliter.
650 901 724 960 Nam
739 917 808 960 cum
823 901 963 975 pluribus
979 901 1057 961 locis
1072 903 1129 961 ler-

152 991 257 1055 ceant,
280 998 409 1042 necesse
425 989 472 1042 est
490 985 640 1057 ingentem
655 1000 802 1059 vaporem
818 986 884 1044 siue
899 985 984 1045 exitu
997 987 1130 1057 volvant,

153 1069 203 1142 qui
220 1068 248 1125 vi
265 1084 321 1127 sua
337 1066 476 1141 spiritum
492 1066 619 1127 intendit
633 1076 678 1140 et,
700 1069 726 1127 si
742 1068 843 1128 acrius
861 1068 966 1142 instet,
988 1070 1132 1144 opposita

153 1151 300 1222 diffindit,
323 1151 348 1210 si
365 1165 438 1209 vero
455 1151 613 1211 remissior
628 1152 697 1223 luit,
721 1150 794 1211 nihil
809 1153 941 1227 amplius
957 1168 1051 1228 quam
1068 1169 1130 1212 mo·

152 1244 211 1296 vet.
252 1234 403 1294 Videmus
424 1250 537 1308 aquam
558 1250 702 1309 spumare
722 1235 792 1309 igne
814 1235 969 1296 subiecto:
993 1237 1081 1311 quod
1103 1237 1131 1294 in

151 1319 209 1378 hac
233 1335 313 1394 aqua
335 1319 406 1377 lacit
421 1319 540 1377 inclusa
554 1325 585 1377 et
599 1325 743 1392 angusta,
767 1320 860 1379 multo
875 1319 976 1394 magis
991 1319 1104 1379 illumi
1120 1350 1131 1360 ·

153 1420 222 1462 cere
245 1402 421 1473 credamus,
446 1417 513 1459 cum
535 1403 686 1462 violentus
705 1417 742 1461 ac
757 1410 863 1462 vastus
878 1402 1019 1477 ingentes
1036 1419 1132 1478 aquas

153 1488 272 1545 excitat.
297 1494 367 1544 tuac
383 1485 432 1543 llle
443 1486 645 1558 vaporatione
660 1483 868 1547 fluctuantIum
883 1487 1036 1547 cadmum
1050 1487 1131 1561 quic-

154 1571 228 1645 quid
244 1568 425 1643 pulsuverlt‚
449 1567 585 1640 agitatur.

125 1664 138 1714 1
215 1652 277 1710 xll.
302 1650 486 1724 Spiritum
508 1666 612 1725 esse,
637 1653 879 1727 quimoveat,
902 1652 1133 1727 etplurimis

153 1743 188 1794 et
213 1732 390 1793 maximis
419 1734 649 1795 auctoribus
681 1738 822 1811 placet
863 1734 1038 1797 Archelaus
1058 1737 1132 1797 auti·

154 1818 276 1893 quitatis
298 1815 428 1890 diligens
450 1817 491 1876 ait
512 1819 567 1877 ita:
593 1819 703 1892 „Venti
717 1818 747 1878 in
764 1833 900 1879 concava
914 1824 1067 1881 terrarum
1082 1821 1132 1880 de·

153 1903 298 1962 feruutur.
333 1901 444 1960 deinde
465 1901 517 1960 ubi
538 1902 596 1960 iam
618 1903 720 1962 omnia
742 1903 841 1977 spatia
863 1903 956 1977 plena
973 1912 1046 1964 suut
1060 1903 1132 1963 eliu

154 1994 299 2060 quantum
318 2000 369 2043 aer
385 1986 497 2059 potuit,
520 1985 667 2045 densatus
682 1993 745 2060 est,
768 1987 795 2046 is
811 1983 864 2061 qui
876 1985 1061 2061 supervenit
1072 1988 1131 2062 spi·

151 2070 241 2141 ritus,
264 2069 397 2143 priorem
416 2067 524 2142 premit
537 2076 566 2127 et
581 2069 665 2130 elidit
680 2086 717 2130 ac
732 2068 944 2143 frequentibus
960 2072 1062 2147 plagis
1073 2071 1131 2146 pri·

124 2164 201 2216 amo
225 2152 320 2224 cogit,
350 2150 461 2208 deinde
484 2152 649 2225 perturbat.
685 2154 769 2213 Tunc
790 2153 841 2212 ille
857 2168 1011 2228 quaerens
1032 2155 1132 2215 locum

154 2249 261 2295 amnes
284 2234 441 2306 angustias
463 2233 597 2295 dimovet
618 2243 648 2295 et
668 2237 802 2296 claustra
816 2252 874 2296 sua
888 2243 1019 2298 conatur
1033 2236 1131 2297 effriass

152 2332 241 2392 gere:
264 2317 309 2375 sic
325 2314 441 2388 evenit,
463 2324 495 2376 ut
508 2324 607 2377 terrae
619 2321 727 2393 spiritu
737 2323 870 2380 luctante
882 2327 912 2380 et
922 2321 1027 2397 fugam
1041 2337 1131 2397 quae·

153 2408 238 2461 rente
261 2405 449 2459 moveantur.
483 2400 589 2476 ltaque
614 2419 682 2462 cum
704 2412 802 2464 terrae
822 2411 923 2464 motus
941 2405 1063 2465 iuturus
1079 2411 1130 2474 est,

152 2485 310 2560 praecedit
324 2483 403 2543 aeris
425 2487 626 2559 tranquillitas
645 2495 675 2546 et
690 2490 794 2562 quies=
817 2488 976 2563 videlicet,
1001 2487 1131 2564 quiavis

153 2571 295 2644 spiritus,
311 2584 390 2643 quae
406 2569 559 2629 concitare
575 2578 683 2630 ventos
700 2573 794 2644 solet,
815 2572 845 2630 in
861 2571 983 2633 interna
996 2573 1074 2633 sede
1088 2586 1131 2632 re·

152 2652 293 2713 tinctur.“
329 2652 414 2712 Num
430 2668 553 2727 quoque
574 2669 641 2714 cum
659 2653 709 2715 hic
723 2663 824 2715 motus
840 2655 869 2714 iu
885 2653 1130 2731 cauponiorum

154 2735 295 2809 quamvis
307 2735 435 2797 hiberno
449 2744 587 2812 tempore
600 2746 629 2798 et
641 2737 791 2814 inquieto,
809 2754 864 2814 per
874 2739 1056 2815 superiores
1068 2739 1131 2799 dies

124 2820 241 2885 acoelo
258 2834 311 2878 aer
327 2821 416 2880 stetit.
453 2820 529 2893 Quid
547 2829 642 2896 ergot
664 2838 829 2897 numquam
844 2821 937 2883 dante
950 2831 1045 2884 vento
1056 2829 1131 2893 terra

155 2917 309 2960 concussa
330 2910 397 2962 est‘l
431 2904 605 2965 Admodum
627 2922 697 2966 raro
720 2908 781 2966 duo
800 2905 890 2966 simul
906 2905 1131 2967 ilavereventi=

154 2983 220 3042 fieri
241 2991 340 3043 tamen
366 2994 395 3044 et
416 2995 518 3061 potest
532 2996 562 3048 et
576 2991 663 3051 solet.
694 2990 780 3064 quod
794 2989 821 3050 si
835 2991 1000 3065 recipimus
1014 2998 1046 3051 et
1062 3004 1131 3049 con·

154 3075 214 3127 stat
236 3067 314 3127 duos
330 3076 438 3130 ventos
455 3087 519 3131 rem
535 3073 625 3134 simul
641 3088 762 3148 gerere=
785 3072 893 3148 quidm·
905 3073 1048 3135 accidere
1062 3088 1131 3148 pos·

154 3153 207 3223 sit,
230 3158 265 3211 ut
279 3153 355 3210 alter
369 3154 560 3227 superiorem
576 3161 647 3216 adra
662 3158 768 3232 agitet,
790 3159 865 3216 alter
879 3157 1033 3218 interum?

127 3245 140 3294 1
215 3232 291 3292 Xlll.
314 3234 346 3293 Io
363 3235 421 3296 hac
437 3241 585 3299 sententia
601 3241 670 3301 licet
685 3257 784 3318 ponas
795 3242 991 3301 Aristotelem
1002 3246 1034 3311 et
1044 3238 1132 3301 disci-

153 3317 259 3393 pulum
279 3319 346 3378 elus
363 3319 624 3398 Theophrastum,
645 3341 706 3384 non
722 3331 756 3384 ut
770 3324 897 3385 Graecis
913 3324 1015 3385 visum
1028 3328 1078 3385 est
1090 3319 1130 3401 di·

152 3402 230 3475 viai,
253 3408 353 3462 tamen
375 3412 405 3464 et
425 3406 523 3465 dulcis
547 3409 661 3482 eloquii
680 3408 776 3468 virum
793 3416 823 3467 et
837 3408 924 3468 nitidi
938 3406 1174 3716 ΜΗ]
