2364 3840
167 203 227 267 198
456 205 487 263 L.
509 205 654 264 ANNAEi
674 204 849 266 SENECAE

165 360 234 414 turt
274 353 396 427 ‚‚Unde‚
428 354 544 429 inquis,
571 353 683 413 scist“
719 355 747 413 in
774 355 932 416 venenatis
959 355 1135 431 corporibus

164 439 277 498 vermis
297 453 357 498 non
373 440 522 499 nascitur:
553 438 676 498 fulmine
690 439 750 498 icta
764 439 841 498 inter
856 454 975 514 paucos
992 440 1058 501 dies
1074 455 1134 499 ver·

165 523 288 582 minant.

136 619 149 668 1
226 606 343 665 xxxii.
371 605 465 679 Quid,
486 606 569 680 quod
585 607 684 666 lutura
699 606 884 680 portendunt
898 620 956 666 nec
970 607 1061 667 unius
1075 615 1134 668 tan·

165 700 227 751 tum
248 697 299 749 aut
323 689 446 750 alterius
467 690 511 748 rei
531 690 619 763 signa
634 690 721 760 dant,
742 689 799 748 sed
814 705 910 764 saepe
925 691 1049 764 longum
1065 692 1135 751 lato·

164 791 230 833 runi
251 775 443 848 sequentium
464 774 601 833 ordinem
625 772 762 833 nuntiant
783 779 812 832 et
834 773 957 849 quidem
979 775 1060 835 notis
1078 774 1135 834 evi-

165 856 305 916 dentibus
327 857 480 930 longeque
501 855 695 929 clarioribus,
725 872 816 931 quam
837 858 888 930 [si]
914 856 1136 919 scriberentur?

135 950 152 1000 2
164 942 228 1000 Hoc
243 941 320 1021 inter
333 957 391 1000 nos
403 947 433 998 et
442 941 570 1013 Tuscos,
587 940 699 1015 quibus
714 956 831 1001 summa
844 948 892 1000 cst
905 941 1060 1015 fulgurum
1073 957 1135 1016 per·

166 1024 392 1098 sequendorum
415 1024 556 1096 scientia,
580 1027 719 1084 interest:
743 1032 975 1098 amputamus,
997 1027 1135 1101 quianu-

164 1107 219 1167 bes
242 1108 377 1168 conlisae
398 1116 482 1179 sunt,
507 1109 630 1168 fulmina
651 1108 753 1167 emitti.
777 1108 836 1182 ipsi
853 1107 1028 1168 existimant
1043 1109 1135 1171 nubes

165 1193 292 1264 conlidi,
314 1200 347 1252 ut
361 1192 486 1252 lulmina
501 1194 680 1253 emittantur.
709 1207 777 1250 nam
794 1207 861 1252 cum
877 1193 980 1252 omnia
995 1193 1035 1252 ad
1050 1194 1137 1254 deum

163 1272 310 1348 celerant,
333 1277 362 1336 in
384 1293 420 1336 ea
436 1276 581 1351 opinione
596 1285 680 1347 sunt,
703 1282 856 1351 tanlquam
872 1292 948 1349 non,
973 1277 1048 1351 quia
1063 1279 1137 1340 lacta

164 1368 249 1432 sunt,
271 1361 457 1436 significent,
478 1361 534 1419 sed
555 1360 626 1435 quia
647 1359 854 1433 significatura
868 1369 953 1434 sunt,
967 1361 1068 1422 'fianta
1090 1376 1135 1420 ea-

164 1444 233 1504 dem
248 1451 347 1504 tamen
363 1444 481 1504 ratione
494 1444 583 1516 liunt,
606 1445 671 1504 sive
686 1443 745 1502 illis
760 1443 934 1518 significare
946 1445 1136 1520 propositum

135 1534 211 1588 aest
231 1529 297 1587 sive
320 1543 525 1603 consequens.
568 1526 748 1600 „Quomodo
772 1542 845 1602 ergo
870 1528 1059 1602 significant,
1083 1527 1136 1587 nisi

164 1613 233 1671 ideo
255 1613 455 1672 mittunturt“
482 1611 636 1686 quomodo
657 1627 731 1670 aves
753 1627 812 1670 non
835 1611 864 1671 in
887 1611 948 1671 hoc
969 1619 1086 1684 motae,
1108 1618 1138 1671 ut

164 1696 252 1754 uoltis
274 1701 482 1764 occurrerent,
506 1695 644 1755 dextrum
667 1695 836 1770 auspicium
859 1695 1081 1771 sinistrumque
1097 1696 1137 1753 le·

164 1787 278 1838 cerunt.
314 1778 371 1852 „Et
386 1779 467 1852 illas,
483 1780 594 1854 inquit,
610 1779 687 1838 deus
702 1778 826 1840 movit.“
860 1779 955 1839 Nimis
967 1779 1053 1840 illum
1064 1777 1137 1840 otio

74 1872 78 1878 ⁴
164 1879 244 1936 sum,
267 1871 297 1923 et
312 1862 440 1938 pusillae
454 1864 498 1921 rel
512 1862 680 1923 ministrum
694 1862 784 1933 lacis,
801 1863 826 1922 si
839 1863 906 1923 aliis
919 1863 1057 1934 somnia,
1072 1862 1136 1922 aliis

133 1953 232 2006 touta
247 1948 391 2022 disponit.
428 1950 490 2008 ista
503 1947 696 2007 nihilominus
712 1945 816 2007 divirm
831 1961 891 2022 ope
906 1955 1063 2022 geruntur,
1083 1943 1137 2005 sed

165 2048 223 2090 iton
245 2049 263 2090 a
284 2033 342 2090 deo
364 2047 483 2105 pennae
501 2029 601 2090 avium
618 2037 764 2104 reguntur
777 2046 834 2090 uec
851 2030 1002 2105 pecudum
1020 2031 1137 2090 viscera

163 2115 220 2173 sub
235 2115 303 2188 ipsa
316 2116 416 2174 securi
431 2116 611 2174 formantur:
633 2113 692 2173 alia
703 2115 821 2175 ratione
833 2115 963 2176 latorum
975 2116 1073 2175 series
1085 2129 1136 2173 ex·

165 2198 291 2269 plicatur
316 2197 427 2255 indicia
454 2198 542 2257 lutari
568 2198 681 2272 ubique
712 2199 927 2272 praemittens,
960 2214 1001 2258 ex
1026 2197 1135 2272 quilius

164 2280 314 2354 quaedam
336 2279 425 2339 nobis
449 2281 620 2352 familiaria,
646 2282 796 2354 quaedam
813 2283 917 2355 ignota
933 2287 1015 2341 sunt.
1051 2280 1136 2355 Quic-

163 2363 237 2438 quid
258 2363 374 2423 ratione
389 2363 435 2438 fit,
457 2365 585 2424 alicuius
599 2365 644 2423 rei
661 2365 777 2425 luturae
793 2366 913 2440 signum
928 2374 990 2426 est:
1017 2365 1136 2424 fortuita

162 2456 192 2508 et
212 2448 279 2507 sine
300 2449 417 2508 ratione
438 2464 517 2523 vaga
537 2447 753 2509 divinationem
774 2465 834 2508 non
850 2448 1012 2525 recipiunt.
1047 2446 1135 2508 Cuius

132 2533 204 2604 arei
221 2533 296 2592 ordo
313 2540 373 2606 est,
390 2533 477 2592 etiam
496 2532 661 2607 praedictio
677 2541 732 2591 est.
768 2532 848 2606 „Cur
863 2548 936 2607 ergo
952 2532 1075 2607 aquilae
1089 2529 1135 2590 liic

162 2617 261 2677 lionor
281 2617 369 2677 datus
392 2626 451 2690 est,
478 2624 511 2677 ut
530 2631 707 2690 magnarum
729 2631 829 2676 rerum
851 2617 965 2676 laceret
989 2615 1133 2691 auspicia,

162 2709 213 2759 aut
233 2717 328 2760 corvo
350 2709 379 2761 et
397 2700 591 2775 paucissimis
613 2700 737 2770 avibus,
766 2707 934 2759 ceterarum
957 2700 1025 2760 sine
1050 2712 1133 2774 prae·

162 2786 248 2856 sagio
265 2801 323 2842 riou
340 2790 438 2843 ostt“
464 2785 535 2858 quia
550 2784 699 2859 quaedam
715 2782 893 2854 nondumin
907 2792 1002 2844 artem
1014 2783 1135 2843 redacta

162 2873 246 2937 sunt,
264 2868 413 2940 quaedam
432 2883 503 2926 vero
521 2884 558 2926 ne
571 2865 669 2941 redigi
683 2867 804 2942 quidem
816 2874 949 2941 possunt
960 2868 1001 2928 ob
1014 2864 1134 2928 nimium

160 2956 308 3007 remotam
334 2952 611 3011 conversationem:
644 2958 777 3010 ceterum
804 2953 918 3012 nullum
944 2951 1057 3011 animal
1081 2954 1133 3020 est

163 3033 245 3105 quod
266 3047 327 3090 non
349 3041 432 3093 motu
453 3043 482 3094 et
502 3050 633 3095 occursu
657 3051 714 3094 suo
737 3033 894 3109 praedicat
913 3035 1041 3110 aliquid.
1076 3048 1132 3092 non

131 3122 149 3176 6
161 3116 262 3174 omnia
274 3113 404 3186 scilicet,
422 3117 478 3175 sed
490 3119 641 3191 quaedam
653 3125 803 3178 notantur.
837 3119 1020 3193 Auspicium
1032 3116 1132 3178 obser-

160 3198 259 3256 vantis
283 3204 339 3256 est.
371 3199 410 3257 ad
430 3215 498 3260 eum
520 3202 623 3275 itaque
643 3203 786 3276 pertinet,
810 3204 861 3275 qui
882 3202 911 3260 in
934 3219 973 3262 ea
993 3198 1133 3264 direxerit

161 3281 302 3340 antarum.
335 3287 467 3340 ceterum
488 3291 518 3342 et
538 3285 587 3343 illa
608 3285 697 3356 fiunt,
722 3301 800 3360 quae
823 3293 960 3360 pereunt
997 3285 1132 3360 Quinque

161 3366 315 3423 stellarum
350 3373 516 3438 potestates
547 3366 766 3457 Chaldaeorum
797 3370 972 3430 observatio
1004 3365 1131 3442 excepit.

131 3448 250 3521 aquid,
268 3454 300 3506 tu
316 3454 358 3507 tot
373 3448 423 3506 illa
437 3449 518 3507 mitia
530 3428 662 3509 siderum
674 3452 791 3514 iudicas
803 3452 903 3514 otiosa
913 3454 1039 3514 luceret
1059 3448 1131 3525 Quid
