2364 3840
322 175 463 239 annun.
480 175 643 250 ouansr.
666 176 738 236 nie.
753 177 775 236 1.
799 187 824 238 r.
1007 177 1067 243 tot

42 358 44 362 ⁸
87 336 189 390 aetum
209 335 270 393 est.¹
302 343 359 387 nec
382 326 552 388 Germanici
577 344 659 400 mors
682 328 748 387 sine
770 328 998 389 denuntiatione
1018 331 1067 388 tali

88 413 152 472 luit.
190 411 281 472 Dices
296 411 384 470 mihi:
407 427 501 486 „ergo
517 418 551 471 tu
564 409 594 470 in
611 412 702 471 tantis
718 411 873 472 erroribus
889 428 939 484 eS,
960 419 994 473 nt
1005 414 1096 473 exi-l

88 497 194 556 stimes
217 496 294 554 deos
315 495 455 555 mortium
475 496 564 570 signa
585 496 778 570 praemittere
798 503 834 555 et·
849 496 1012 571 quicquam
1038 496 1067 553 in

87 580 177 640 terris
199 594 271 639 esse
293 586 354 639 tam
375 594 533 652 magnum,
556 580 640 654 quod
663 579 763 654 perire
788 580 920 639 mundus
945 580 1067 639 εοίεῑῖιι

87 663 152 722 Erit
166 661 249 722 aliud
264 662 352 723 istius
368 663 411 720 rei
426 669 556 737 tempus.
580 662 751 722 videbimus
767 679 805 722 an
821 680 923 723 rerum
935 663 1068 724 omnium

88 752 192 806 certus
208 746 284 806 ordo
301 747 429 805 ducatur
445 752 476 804 et
489 746 548 805 alia
562 747 629 806 aliis
645 748 687 805 ita
701 748 728 805 in
734 749 825 822 plexa
840 750 914 821 sint,
937 755 969 807 ut
984 744 1068 822 quod

87 829 255 904 antecedit,
278 836 330 889 aut
345 844 439 888 causa
451 831 493 888 ‘sit
509 829 703 904 sequentium
718 837 770 891 aut
784 831 913 906 signum.
952 828 1067 890 videbi-

88 929 157 972 mus
169 929 208 972 an
220 913 268 972 dis
281 913 414 972 humana
426 929 518 973 curae
530 914 598 984 sint,
611 930 649 972 an
663 915 760 973 series
773 916 850 990 ipsa,
865 915 939 991 quid
952 915 1069 975 lactura

88 996 142 1069 sit,
173 997 264 1057 certis
284 1013 386 1056 rerum
406 997 486 1056 notis
513 997 643 1056 nuntiet:
673 997 791 1056 interim
817 999 890 1059 illud
915 999 1095 1070 existimo,5

87 1081 241 1140 eiusmodi
257 1082 343 1154 ignes
359 1081 509 1140 exsistere
524 1084 595 1140 aere
609 1080 819 1141 vehementius
834 1085 919 1156 trito,
943 1099 1011 1143 cum
1023 1083 1066 1141 in-

88 1164 212 1224 clinatio
228 1164 294 1224 eius
310 1165 340 1222 in
355 1164 478 1223 alteram
495 1171 611 1238 partem
626 1166 706 1222 lacta
717 1172 765 1223 est
776 1172 806 1224 et
817 1182 878 1226 non
891 1166 994 1238 cessit,
1011 1165 1068 1224 sed

87 1247 168 1307 intra
187 1263 222 1307 se
244 1248 399 1322 pugnavit.
428 1263 466 1305 cx
486 1248 544 1307 hac
566 1247 727 1307 vexatione
745 1256 912 1308 nascuntur
933 1247 1066 1307 trabes

86 1338 120 1390 et
139 1331 248 1406 globi
270 1338 300 1389 ct
322 1332 429 1391 laces
453 1337 482 1390 et
501 1331 673 1391 ardores.
696 1338 726 1390 at
738 1347 806 1391 cum
818 1331 916 1391 levius
930 1329 1066 1390 conlisus

87 1423 134 1487 et,
158 1422 191 1475 ut
210 1416 252 1474 ita
271 1415 386 1488 dicam,
408 1415 513 1474 frictus
531 1422 591 1487 est,
615 1415 733 1474 minora
748 1417 860 1475 lumina
875 1415 1067 1475 excutiuntur

77 1541 80 1547 -
242 1502 411 1573 crinemque
425 1502 555 1558 volantia
569 1500 671 1558 sidem
686 1500 806 1560 decant.

87 1582 173 1642 Tunc
193 1582 280 1656 ignes
300 1582 470 1643 tenuissimi
490 1581 547 1641 iter
566 1583 645 1640 exile
668 1583 830 1657 designant
844 1591 873 1642 et
894 1583 980 1642 coelo
997 1585 1096 1656 pro-6

89 1666 215 1726 ducunt.
248 1665 317 1726 ideo
338 1667 420 1725 nulla
441 1665 507 1725 sine
527 1666 703 1724 huiusmodi
725 1668 910 1741 spectaculis
933 1683 995 1726 nox
1010 1671 1066 1724 est.

87 1765 153 1810 non
175 1748 254 1809 enim
277 1767 355 1824 opus
377 1757 425 1809 est
442 1749 481 1808 ad
502 1749 665 1808 efficienda
679 1750 737 1808 ista
752 1767 861 1824 magno
878 1750 957 1809 aeris
973 1759 1066 1810 motu.

88 1831 238 1908 denique,
254 1833 431 1893 utbreviter
446 1833 560 1905 dicam,
576 1832 685 1890 eadem
699 1834 817 1892 ratione
832 1834 908 1893 liunt
922 1834 989 1907 ista,
1006 1849 1066 1908 qua

88 1917 231 1986 fulmina,
255 1916 312 1977 sed
333 1916 363 1976 vi
383 1917 508 1976 minore.
539 1916 797 1990 quemadmodum
817 1915 914 1975 nubes
931 1916 1067 1975 conlisae

87 1999 284 2060 mediocriter
304 2000 524 2074 fulgurationes
547 1999 696 2073 efficiunt,
719 1998 833 2059 maiore
848 2000 952 2072 inpetu
967 1997 1066 2073 inpul-

88 2099 146 2145 sae
161 2084 301 2159 lulmina,
324 2084 369 2143 sic
385 2091 499 2158 quanto
518 2084 585 2142 illas
601 2084 700 2142 minus
716 2083 868 2157 presseris
882 2082 1066 2154 minoresve,

88 2174 173 2230 tanto
188 2166 304 2227 leviora
319 2168 443 2228 fulmina
458 2168 602 2226 emittunt.
636 2166 816 2227 Aristoteles
828 2167 974 2227 rationem
987 2167 1094 2230 eius-i
1137 2197 1139 2199 >

89 2251 173 2314 modi
194 2251 311 2310 reddit:
342 2251 455 2324 „Varia
475 2259 505 2310 et
530 2251 623 2310 multa
645 2258 791 2310 terrarum
815 2252 898 2311 orbis
920 2252 1067 2326 exspirat,

88 2333 243 2411 quaedam
264 2333 405 2405 humida,
436 2334 588 2409 quaedam
612 2335 714 2409 sicca,
750 2337 901 2409 quaedam
926 2336 1066 2409 algentia,

64 2446 70 2455 ·
88 2418 242 2494 quaedam
260 2418 470 2493 concipiendis
485 2415 605 2492 ignibus
623 2418 765 2477 idonea.“
803 2419 866 2477 Nec
886 2420 994 2478 mirum
1010 2423 1066 2489 est,

87 2504 115 2564 si
137 2509 237 2561 terrae
259 2501 357 2561 omnis
379 2501 499 2575 generis
521 2508 552 2559 et
573 2502 655 2560 varia
672 2500 849 2575 evaporatio
865 2507 926 2572 est,
951 2517 1019 2559 cum
1036 2500 1065 2557 in

87 2585 177 2648 coelo
195 2601 320 2659 quoque
334 2601 396 2645 non
412 2601 493 2644 unus
508 2584 656 2658 adpareat
671 2585 756 2644 color
766 2599 881 2656 rerum,
899 2584 954 2642 sed
966 2580 1066 2641 acrior

87 2671 128 2730 sit
143 2669 306 2728 Caniculae
320 2669 430 2740 rubor,
452 2668 556 2727 Martis
572 2667 742 2741 remissior,
764 2665 847 2727 Iovis
862 2668 963 2726 nullus
979 2667 1007 2724 in
1022 2666 1065 2725 lu-

88 2769 156 2813 cem
179 2768 285 2826 puram
301 2752 399 2811 nitore
416 2753 574 2826 perducto.
610 2752 747 2811 Necesse
762 2758 810 2810 est
824 2767 896 2825 ergo
912 2751 942 2810 in
957 2761 1096 2824 magnas

88 2835 182 2910 copia
196 2837 466 2910 corpusculorum,
490 2850 570 2908 quae
584 2842 683 2894 terrae
698 2834 827 2895 eiectant
842 2842 871 2893 et
883 2835 912 2894 in
926 2834 1066 2910 superio·

87 2935 152 2980 rem
174 2927 268 2993 agunt
289 2927 419 2994 partem,
441 2919 544 2993 aliqua
564 2918 595 2976 in
615 2918 713 2977 nubes
739 2919 899 2992 pervenire
925 2918 1067 2980 alimenta

88 3002 220 3079 ignium,
248 3019 328 3076 quae
352 3019 413 3063 non
438 3009 554 3061 tantum
569 3000 687 3062 conlisa
713 3003 833 3076 possint
854 3005 977 3078 ardere,
1009 3002 1066 3062 sed

88 3088 181 3149 etiam
197 3085 310 3146 adllata
324 3086 418 3149 radiis
434 3087 528 3146 solis..
543 3102 613 3144 nam
626 3085 710 3160 apud
724 3102 782 3146 nos
795 3105 920 3163 quoque
930 3095 1066 3147 ramenta

89 3171 239 3246 sulphure
252 3170 402 3245 adspersa
415 3171 515 3244 ignem
527 3185 567 3228 ex
578 3169 737 3232 intervallo
749 3172 879 3232 trahunt.
908 3172 981 3231 Veri
993 3177 1095 3245 ergoit

86 3253 188 3315 simile
203 3261 252 3315 est
262 3255 355 3315 talem
368 3254 522 3315 materiam
538 3253 616 3313 inter
633 3253 730 3314 nubes
747 3263 962 3330 congregatam
977 3255 1065 3314 laoile

88 3337 239 3400 succendi
260 3344 290 3396 et
313 3337 446 3398 minores
470 3337 642 3397 maioresve
668 3336 756 3411 ignes
782 3340 946 3414 exsistere,
977 3346 1067 3412 prout

87 3423 160 3499 plus
182 3421 242 3482 illis
262 3420 316 3481 luit
337 3421 502 3482 autminus
518 3421 634 3481 virium.
670 3421 747 3481 Illud
762 3421 841 3481 enim
857 3421 1068 3483 stultissimum

130 3524 235 3566 sunnon
248 3524 317 3564 auin.
335 3509 372 3580 Π.ῥ
869 3513 900 3564 11
