2364 3840
216 207 269 268 DE
289 205 501 267 BENEFICIIS
522 206 595 265 LIB.
604 207 643 263 V.
665 205 911 266 st.-LIB.V1.
934 215 959 266 2.
1016 203 1077 269 107

74 352 77 359 ’
93 357 215 420 Moneri
226 357 352 417 vcileac
366 371 461 431 posse
471 355 610 416 secunda
620 353 714 414 virtus
725 362 782 414 est.
801 370 889 428 equos
901 354 1075 429 obsequen·

91 450 144 503 tes
155 442 256 516 socies
270 456 380 516 parcre
394 440 454 499 huc
468 439 540 499 iiiuc
552 439 645 497 irenis
657 437 764 498 leniter
774 437 880 498 motis=
903 435 1076 498 flectendus

93 531 146 585 est
160 524 266 600 paucis
281 522 416 598 animus,
438 524 485 582 sni
500 530 601 583 rector
615 523 758 596 optimus.
793 521 927 582 Proximi
941 529 1012 581 sunt
1024 521 1104 596 quis

94 608 243 668 admoniti
261 608 291 667 in
314 607 393 666 viam
410 607 547 666 redeunt.
574 605 623 665 his
638 613 761 666 nonest
777 605 841 665 dux
858 604 1075 665 detrahendus.

90 690 220 767 Opertis
245 691 342 750 ocutis
363 692 443 750 inest
463 691 562 761 acies,
589 689 647 748 sed
672 689 739 749 sine
763 705 838 762 usu,
861 705 952 764 quam
974 688 1074 748 lumen

89 774 159 834 dici
172 772 330 834 inmissum
346 776 385 834 ad
399 774 565 833 ministeria
580 788 637 832 sna
652 780 770 833 evocat.
793 773 993 853 instrumenta
1008 789 1075 832 ces·

90 864 181 931 sant,
204 857 261 916 nisi
280 858 332 917 ilia
350 858 380 916 in
402 873 481 931 opos
496 873 585 916 suum
600 857 708 916 artifex
723 857 825 916 movit.
860 857 944 917 Inest
957 856 1104 916 interimi

88 940 205 1002 animis
220 941 361 1001 voluntas
380 941 477 1013 bona,
501 940 558 998 sed
577 947 690 1014 torpet,
714 941 806 1000 modo
821 940 939 1000 deliciis
954 956 990 1000 ac
1006 941 1075 1013 situ,

90 1024 189 1084 modo
210 1024 303 1084 oificii
324 1025 453 1083 inscitia.
484 1023 563 1082 hanc
586 1023 688 1083 utitem
710 1024 809 1081 iacere
831 1023 993 1097 debemus,
1017 1039 1075 1083 nec

90 1105 163 1168 irati
182 1107 357 1181 relinquere
377 1108 407 1166 in
429 1106 530 1179 vitio‚·
545 1108 601 1166 sed
620 1114 652 1165 ut
672 1107 808 1180 magistri
828 1107 979 1180 patienter
995 1109 1075 1166 ierne

87 1190 316 1251 offensationes
336 1206 500 1266 puerorum
521 1189 718 1260 discentium,
747 1190 911 1248 memoriae
934 1191 1074 1250 tabentis.

86 1289 177 1350 quae
192 1275 447 1347 quemadmodum
462 1288 558 1346 saepe
574 1273 712 1332 subiecto
726 1289 789 1332 uno
805 1278 856 1332 aut
872 1275 967 1334 attero
979 1274 1074 1332 verbo

88 1359 135 1418 ad
156 1363 329 1418 contextum
356 1357 532 1418 reddendae
558 1355 856 1417 orationis‘adducta
875 1364 938 1431 est,
968 1357 1012 1417 sic
1035 1356 1075 1416 ad

88 1441 288 1501 rcierendam
302 1440 427 1516 gratiam
443 1441 650 1501 admonitione
665 1441 840 1501 revocanda
855 1447 911 1500 est.

550 1620 690 1628 ...ῳ-

384 1773 419 1854 i.
451 1771 590 1854 tottii
616 1769 786 1853 sinicii

322 1939 373 1988 At>
395 1937 598 1989 AEBUTIUM
622 1937 854 1987 LIBERALEM

158 2071 265 2167 itii
341 2067 1004 2169 nuntitctts

480 2256 614 2318 tinnit
641 2257 690 2318 Vl.

515 2404 663 2412 ——-—--

156 2517 180 2574 l.
209 2515 381 2588 Quaedam,
409 2516 570 2588 Liberalis,
598 2515 733 2576 virorum
755 2517 882 2590 optime,
909 2514 1075 2574 exercendi

88 2605 209 2660 tantum
229 2599 342 2673 ingenii
364 2614 458 2659 causa
479 2607 666 2672 quaeruntur
686 2608 717 2659 et
737 2613 861 2672 semper
881 2597 1074 2656 exinanitam

89 2681 203 2743 iacent.
233 2682 384 2757 quaedam
405 2691 435 2742 et
455 2683 526 2742 dum
543 2689 742 2757 quaeruntur,
766 2682 986 2741 oblectamento
1003 2688 1075 2740 sunt

89 2773 122 2826 ct
137 2765 279 2841 quaesita
293 2767 372 2826 usui.
408 2765 548 2825 Omnium
561 2765 612 2824 tibi
629 2765 749 2839 copiam
766 2763 883 2823 faciam.
906 2769 938 2822 tu
952 2763 1011 2836 itta,
1028 2773 1073 2824 ut-

91 2863 226 2924 cumque
246 2848 300 2907 tibi
322 2847 420 2909 visum
442 2850 511 2920 erit,
535 2856 587 2908 ant
609 2849 713 2922 peragi
733 2848 836 2907 iubeto
857 2854 909 2906 aut
923 2848 963 2906 ad
977 2848 1073 2922 exp'li-

90 2932 226 2991 candum
251 2932 391 2992 ludorum
417 2932 554 2992 ordinem
575 2930 688 2991 induci.
723 2931 776 3008 [in]
804 2929 852 2990 his
878 2946 1017 3006 quoque,
1047 2928 1075 2991 si

88 3014 178 3074 abire
198 3015 327 3074 iusseris
349 3017 503 3090 protinu5‚
525 3015 662 3074 nonnihil
681 3024 780 3073 actum
803 3013 873 3074 erit:
897 3030 967 3073 nam
984 3015 1075 3073 etiam
1154 3024 1159 3032 ·

89 3097 179 3172 quod
194 3098 314 3157 discere
324 3113 556 3173 supervacuum
570 3105 632 3170 cst,
657 3098 785 3173 prodest
800 3112 999 3172 cognoscere.
1027 3097 1075 3154 lix

89 3182 178 3241 voitu
199 3181 290 3255 igitur
310 3187 363 3241 tuo
384 3181 541 3256 pendebo=
571 3188 662 3255 prout
685 3181 735 3239 iiie
756 3181 889 3241 suaserit
905 3180 993 3251 mihi,
1015 3180 1075 3238 alia

88 3263 239 3324 detinebo
254 3263 383 3337 diutius,
406 3266 465 3323 otia
478 3264 630 3338 expellam
644 3271 674 3324 et
688 3264 788 3338 capite
801 3279 901 3338 agam

155 3346 193 3405 11.
221 3349 277 3405 Au
303 3345 539 3406 beneficium
560 3347 661 3421 eripi
681 3348 826 3422 possit,
856 3343 1101 3419 quaesitumt

89 3436 163 3489 est.
197 3427 326 3504 Quidam
341 3437 453 3504 negant
469 3445 574 3505 posse.
596 3428 756 3495 nonenim
767 3444 821 3493 rer
890 3428 972 3503 ‚sed
984 3427 1075 3488 ectio.
