2364 3840
205 219 213 225 ·
278 204 419 266 NATUR.
435 204 597 278 QUAEST.
617 204 690 263 LlB.
702 205 751 263 ΙΙΙ.
772 213 815 266 29.
830 212 874 266 30.
1001 205 1065 269 937

86 373 145 417 nus
168 362 304 416 extrema
325 355 449 414 sortitus
466 355 565 414 veniet
585 355 615 413 in
635 355 778 415 medium.
816 354 892 428 Quid
907 373 983 431 ergo
998 365 1093 419 astte

86 438 284 500 nihilominus
304 438 418 497 tenebit
439 437 555 497 alienos
576 454 699 497 menses
721 437 834 512 hiems,
864 446 967 499 aestas
993 457 1063 516 pro-

86 521 240 583 hibebitur
251 527 281 581 et
292 522 508 595 quodcumque
519 529 616 581 terras
630 521 716 582 sidus
729 523 878 596 exsiccat,
892 539 1063 598 conpresso

87 606 200 667 ardore
211 603 355 665 cessabit.
376 604 520 664 Peribunt
529 612 573 665 tot
584 606 722 679 nomina,
735 604 877 680 caspium
892 608 1064 667 etRubrum

87 699 186 762 mare,
213 688 367 747 Ambracii
388 694 417 746 et
438 688 545 748 Cretici
567 688 667 762 sinus,
695 689 859 763 Propontis
885 700 915 751 et
938 690 1065 751 Pontus.

87 772 200 849 peribit
220 787 310 831 onme
333 771 505 831 discrimen.
540 773 743 832 contundetur
764 773 911 848 quicquid
933 774 963 833 in
990 791 1064 835 suas

87 863 192 933 partes
213 861 322 914 natura
336 855 473 928 digessit.
495 871 556 914 non
576 857 651 914 muri
667 872 867 931 quemquam,
889 874 950 917 non
966 865 1065 918 turres

87 939 262 1001 tuebuntur.
285 954 345 998 non
364 938 532 1012 proderunt
545 939 658 1012 templa
672 941 866 1013 supplicibus
878 957 936 1001 nec
948 942 1066 1000 urbium

88 1038 225 1093 summa,
243 1022 358 1096 quippe
373 1021 525 1096 fugientes
540 1022 623 1081 unda
639 1025 814 1096 praeveniet
828 1032 858 1083 et
872 1041 911 1083 ex
925 1026 1003 1099 ipsis
1019 1042 1065 1085 ar·

89 1106 177 1167 cibus
198 1104 324 1164 deleret.
361 1104 431 1164 Alia
451 1104 490 1163 ab
512 1120 641 1178 occasu,
664 1105 722 1164 alia
744 1107 782 1165 ab
805 1109 920 1168 oriente
938 1116 1095 1170 concur-9

87 1196 171 1250 rent:
199 1203 279 1248 uirus
299 1188 464 1247 humanum
484 1203 581 1261 genus
602 1190 714 1247 condet
736 1189 812 1247 dies.
839 1191 985 1265 quicquid
1005 1199 1066 1251 tam

88 1275 183 1346 longa
204 1273 344 1331 fortunae
365 1271 552 1345 indulgentia
572 1272 719 1340 excoluit,
744 1271 891 1345 quicquid
907 1289 1000 1348 supra
1017 1290 1065 1333 cea

88 1364 173 1416 leros
195 1355 314 1428 extulit,
335 1355 448 1414 nobilia
470 1356 581 1430 pariter
602 1363 693 1431 atque
709 1356 858 1415 adornata
876 1373 1065 1430 magnarum-

89 1455 151 1516 que
165 1439 298 1514 gentium
313 1453 408 1512 regna
423 1440 643 1512 pessumdabit.

152 1522 243 1581 XXX.
272 1521 350 1582 Sunt
365 1523 479 1595 omnio,
500 1529 533 1582 ut
553 1523 631 1595 dixi,
654 1521 754 1581 facilia
775 1529 914 1595 naturae,
937 1528 970 1582 ut
988 1527 1093 1597 quael

90 1624 109 1667 a
131 1606 229 1680 primo
250 1607 352 1665 lacere
372 1606 541 1679 constituit,
562 1607 602 1665 ad
622 1622 701 1681 quae
720 1622 782 1665 non
805 1607 919 1679 subito,
950 1607 1006 1666 sed
1028 1623 1068 1666 ex

92 1690 269 1764 denuntiato
281 1689 372 1748 venit.
411 1689 472 1746 lum
487 1696 586 1749 aulem
603 1687 699 1763 primo
714 1705 733 1748 a
748 1689 798 1749 die
813 1690 931 1763 mundi,
953 1706 1021 1750 cum
1037 1691 1067 1749 in

90 1774 173 1834 bunc
194 1772 329 1832 habitum
351 1788 389 1831 ex
415 1772 535 1832 inlormi
560 1774 674 1833 unitate
699 1773 913 1845 discederent,
943 1776 1066 1849 quando

89 1862 300 1930 mergerentur
319 1863 456 1927 terrena,
479 1856 635 1915 decretum
655 1863 702 1916 est
723 1863 753 1914 et
773 1872 812 1914 ne
827 1858 866 1916 sit
881 1857 1068 1931 quandoque

90 1943 173 2000 velut
191 1939 223 1998 in
243 1953 325 1998 novo
348 1955 443 2012 opere
458 1940 533 1998 dura
555 1940 685 2011 moliti0,
709 1939 780 1998 olim
795 1939 835 1997 ad
850 1939 909 1997 hoc
923 1941 1018 1998 maria
1033 1955 1068 1998 se

91 2029 246 2083 exercent.
280 2022 346 2082 Non
366 2022 471 2094 vides,
496 2030 528 2082 ut
548 2021 660 2082 fluctus
684 2022 713 2080 in
730 2023 817 2082 litora
834 2029 989 2097 tamquam
1004 2021 1096 2082 exi-2

89 2114 178 2167 turus
199 2107 353 2166 incurrat?
381 2122 443 2165 non
459 2105 562 2179 videS,
584 2113 617 2165 ut
631 2113 735 2165 aestus
751 2106 828 2165 lines
844 2122 919 2166 suos
934 2113 1069 2166 transeat

90 2191 167 2250 etin
183 2190 415 2265 possessionem
430 2196 576 2249 terrarum
590 2206 673 2249 more
690 2189 872 2250 inducaturl
893 2206 953 2249 non
969 2191 1066 2262 videS,

91 2281 124 2333 ut
137 2272 180 2333 illi
193 2280 339 2349 perpetua
353 2289 421 2336 cum
434 2275 574 2332 claustris
587 2275 651 2333 suis
664 2289 767 2347 pugna
780 2274 838 2333 sit?
866 2273 943 2346 Quid
956 2280 1069 2348 porros

90 2357 196 2428 istinc,
220 2357 302 2416 unde
324 2363 440 2415 tantum
460 2358 615 2416 tumultum
637 2358 741 2429 vides,
763 2365 862 2416 metus
877 2365 939 2428 est,
962 2355 1069 2416 emari

92 2447 123 2499 et
135 2455 248 2514 magno
262 2438 370 2513 spiritu
381 2440 610 2514 erumpentibus
623 2439 734 2499 lluviis.
768 2439 827 2500 Ubi
839 2456 900 2499 non
912 2439 1098 2498 humorem3

92 2528 201 2583 natura
216 2523 384 2597 disposuit,
403 2531 436 2582 ut
446 2525 582 2597 undique
594 2539 667 2596 nos,
683 2538 752 2582 cum
763 2523 926 2591 voluisset,
942 2521 1068 2593 adgredi

91 2612 222 2681 possetl
243 2607 380 2678 mentior,
392 2605 451 2665 nisi
463 2607 638 2667 eruentibus
651 2613 761 2664 terram
770 2603 1026 2673 bumoroccurrit,
1040 2611 1070 2663 et

92 2690 235 2765 quotiens
259 2704 317 2748 nos
337 2689 464 2749 avaritia
485 2698 536 2749 aut
550 2689 666 2749 delodit
682 2695 733 2746 aut
749 2686 851 2760 aliqua
866 2702 961 2745 causa
977 2700 1068 2759 pene-

91 2781 173 2832 trare
185 2772 275 2832 altius
287 2774 375 2846 cogit,
389 2773 505 2832 cruenti
516 2774 587 2832 finis
599 2772 763 2845 aliquando
772 2774 873 2844 [raquo]
882 2777 938 2829 est.
961 2767 1067 2841 Adice,

93 2855 177 2930 quod
199 2856 337 2914 inmanes
356 2856 470 2916 suntin
485 2856 588 2915 abdito
605 2856 690 2914 lacus
706 2862 736 2914 et
749 2855 874 2912 multum
888 2854 980 2912 maris
997 2869 1068 2912 con·

93 2939 162 3012 diti,
192 2940 320 2998 multum
340 2937 496 2998 fluminum
519 2955 575 3013 per
597 2954 695 3011 opaca
717 2937 890 2996 labentium.
927 2937 1098 3010 Undiquel

93 3037 167 3096 ergo
185 3021 242 3080 erit
255 3019 350 3080 causa
367 3022 496 3092 diluvic,
520 3019 676 3080 cumaliae
687 3036 787 3095 aquae
799 3021 999 3081 subterssuant
1011 3030 1068 3079 ter-

92 3122 160 3177 ras,
189 3105 268 3163 aliae
290 3104 518 3177 circumfluant,
549 3120 628 3180 quae
648 3104 700 3163 diu
726 3103 877 3164 coercitae
897 3106 1019 3164 vincent
1041 3109 1070 3162 et

94 3203 202 3249 amnes
217 3186 511 3262 amnibus'iungent,
535 3187 700 3262 paludibus
716 3194 834 3262 stagna.
855 3188 985 3248 omnium
998 3194 1070 3246 tunc

94 3287 178 3332 mare
193 3286 249 3332 ora
264 3270 391 3330 lentium
404 3270 530 3346 inplebit
545 3278 575 3330 et
589 3270 704 3332 maiore
718 3271 802 3331 hiatu
820 3273 927 3332 solvet.
961 3271 1070 3344 Quem-

94 3354 260 3415 admodum
282 3369 413 3428 corpora
434 3363 539 3415 nostra
562 3354 601 3414 ad
627 3364 765 3430 egestum
789 3362 896 3414 venter
921 3354 1069 3425 exhaurit,

94 3437 354 3513 quemadmodum
368 3437 399 3496 in
414 3440 558 3498 sudorem
574 3446 647 3498 cunt
660 3441 756 3512 vires,
778 3439 818 3498 ita
834 3439 921 3497 tellus
934 3434 1072 3509 liquefiet
