2364 3840
294 113 344 173 DE
365 111 578 172 BENEFICIIS
600 111 707 171 mal.
732 119 863 173 12—15.
1025 111 1064 175 13
1128 126 1134 132 “

90 269 216 330 cissima
237 273 365 340 tantum,
387 266 443 325 sed
463 265 659 339 ignavissima
674 278 799 339 quoque
813 262 954 322 animalia
968 264 1065 323 timeri

90 354 133 413 ob
148 353 231 411 virus
247 351 368 409 malum.

154 435 233 494 XIV.
261 434 310 493 Ad
334 432 524 508 propositum
546 446 626 491 nunc
646 436 843 491 revertamur,
879 430 1091 492 Beneficium]

87 518 145 594 qui
160 518 270 593 quibus
287 518 373 590 libet,
394 516 445 575 dat
456 515 528 574 nulli
540 521 672 589 gratum:
695 530 784 574 nemo
797 529 832 574 se
844 513 1001 574 stabularii
1013 520 1065 573 aut

92 602 241 676 cauponis
264 600 418 674 hospitem
439 599 552 658 iudicat
568 613 625 656 nec
640 598 800 657 convivam
815 597 915 657 dantis
931 598 1064 672 epulum,

89 686 143 745 ubi
165 685 223 744 dici
245 690 361 759 potest:
390 682 484 757 „quid
503 681 583 740 enim
598 683 627 741 in
642 697 691 740 me
707 681 851 741 contulit?
879 696 989 754 nempe
1006 681 1064 740 boc

93 769 177 844 quod
199 768 277 827 etin
298 768 380 827 illum
402 766 454 825 vix
473 765 552 824 bene
574 772 679 825 notum
700 765 757 823 sibi
780 770 810 824 et
829 765 859 824 in
875 763 958 825 illum
975 764 1064 823 etiam

91 852 244 910 inimicum
268 867 304 910 ac
324 849 532 924 turpissimum
552 848 713 908 hominem.
747 849 894 922 numquid
916 848 995 906 enim
1016 863 1064 907 mc

91 934 217 1009 dignum
230 933 393 993 iudicavit?
415 932 522 992 morbo
535 948 591 992 suo
603 947 719 990 morem
730 932 856 1005 gessit.“
879 930 966 1004 Quod
980 933 1065 991 voles

92 1024 211 1092 gratum
232 1032 318 1089 esse,
347 1032 449 1077 rarum
471 1016 575 1089 allice,
599 1017 679 1090 qaod
694 1016 762 1090 quis
777 1014 889 1090 patitur
904 1014 962 1074 sibi
978 1016 1064 1088 inpu-

92 1099 159 1159 tari.
196 1100 289 1160 Nemo
314 1100 391 1159 haec
417 1101 456 1159 ita
480 1100 710 1174 interpretetur,
743 1105 897 1172 tamquam
922 1098 1095 1158 reducaml

91 1184 301 1243 liberalitatem
321 1189 351 1243 et
371 1185 464 1242 frenis
485 1182 648 1243 artioribus
663 1182 846 1256 reprimam:
877 1181 928 1240 illa
944 1196 1019 1241 vero
1034 1182 1064 1240 in

92 1273 238 1341 quantum
259 1265 332 1326 libet
352 1274 455 1341 exeat,
483 1268 539 1326 sed
561 1273 624 1340 cat,
647 1283 707 1325 non
729 1273 818 1325 erret.
852 1262 936 1323 Licet
952 1264 992 1323 ita
1006 1265 1064 1323 lar-

90 1350 164 1424 giri,
185 1356 218 1409 ut
233 1349 461 1424 unusquisque,
483 1350 601 1409 etiamsi
617 1366 684 1410 cum
700 1348 801 1409 multis
817 1347 949 1422 accepit,
965 1348 995 1407 in
1010 1364 1063 1422 po·

92 1435 166 1507 pulo
183 1448 217 1492 se
233 1449 303 1493 esse
319 1450 380 1493 non
396 1440 488 1508 putet.
525 1450 614 1493 nerno
630 1451 690 1493 non
706 1433 817 1492 babeat
833 1432 965 1506 aliquam
980 1430 1065 1490 fauri-

91 1517 197 1575 liarem
211 1524 322 1589 notam,
338 1532 495 1591 perquam
512 1525 615 1590 speret
627 1533 661 1576 se
675 1516 802 1590 propius
815 1515 992 1575 admissum.
1015 1511 1094 1572 lli-3

92 1606 156 1657 cat:
181 1601 307 1672 „accepi
322 1601 402 1657 idem
420 1600 503 1672 quod
518 1601 582 1673 ille,
605 1601 661 1659 sed
675 1603 762 1659 ultro.
785 1599 891 1674 accepi
907 1598 991 1674 quod
1006 1598 1064 1673 ille,

92 1680 150 1739 sed
167 1695 224 1752 ego
240 1680 318 1740 intra
332 1681 425 1739 breve
440 1688 574 1755 tempus,
597 1698 664 1741 cum
675 1683 726 1740 ille
737 1683 789 1742 diu
801 1683 971 1742 meruisset.
995 1690 1066 1741 sunt

93 1763 146 1836 qui
168 1762 249 1822 idem
270 1761 415 1833 habeant,
444 1763 581 1822 sednon
606 1763 722 1822 eisdem
744 1765 845 1822 verbis
864 1764 981 1838 datum,
1003 1781 1065 1825 non

93 1845 201 1906 eadem
227 1844 368 1905 comitate
388 1845 556 1905 tribuentis.
589 1847 638 1903 ille
660 1846 792 1919 accepit,
821 1861 889 1904 cum
914 1855 1064 1920 rogasset,

91 1943 151 2002 ego
169 1945 229 1988 non
245 1944 396 2003 rogarem.
418 1929 468 1987 ille
483 1926 614 2002 accepit,
632 1930 687 1987 sed
704 1930 791 1988 facile
802 1929 992 2003 redditurus,
1009 1931 1066 1989 sed

89 2012 182 2072 cuius
198 2019 340 2072 senectus
356 2018 386 2071 et
399 2010 496 2070 libera
511 2012 624 2071 orbitas
640 2028 750 2086 magna
766 2012 966 2086 promittebat.
995 2012 1066 2071 mihi

93 2097 164 2170 plus
180 2095 275 2167 dedit,
300 2096 440 2170 quamvis
463 2094 546 2153 idem
560 2095 691 2169 dederit,
710 2096 782 2170 quia
803 2096 869 2154 sine
885 2112 941 2171 spe
956 2096 1064 2171 recipi-

88 2179 165 2237 endi
180 2179 292 2238 dedit.“
326 2178 587 2251 Quemadmodum
602 2178 745 2238 meretrix
759 2180 798 2239 ita
813 2179 889 2238 inter
903 2183 1014 2248 multos
1031 2178 1094 2239 se4

88 2262 223 2332 dividet,
250 2269 283 2321 ut
308 2277 396 2320 nemo
422 2277 483 2321 non
507 2262 631 2335 aliquod
653 2263 773 2337 signum
795 2263 950 2323 familiaris
973 2265 1065 2323 animi

92 2346 185 2416 ferat,
207 2344 248 2402 ita
263 2345 314 2418 qui
330 2344 479 2403 beneficia
498 2361 555 2404 sua
570 2345 710 2404 amabilia
726 2347 790 2405 vult
804 2362 890 2418 esse,
914 2349 1066 2420 excogitet

93 2427 249 2500 quomodo
271 2428 354 2488 multi
376 2427 546 2502 obligentur
567 2434 713 2488 ettamen
735 2429 845 2504 singuli
866 2428 998 2489 habeant
1012 2429 1063 2488 ali-

94 2511 183 2584 quid,
207 2527 267 2584 quo
285 2526 319 2570 se
336 2511 444 2570 ceteris
461 2513 642 2585 praeferant.

155 2592 220 2652 XV.
242 2594 307 2668 Ego
323 2610 397 2654 vero
409 2594 566 2655 beneficiis
578 2611 639 2654 non
651 2594 751 2654 obicio
763 2609 882 2653 moras:
906 2609 966 2668 quo
979 2595 1090 2672 plural

92 2678 272 2752 maioraque
287 2679 411 2751 luerint,
436 2678 504 2751 plus
521 2679 649 2738 afferent
663 2677 772 2737 laudis.
804 2677 894 2738 Adsit
905 2677 1063 2737 iudicium:

92 2775 194 2835 neque
219 2762 297 2819 enim
318 2760 403 2821 cordi
418 2777 490 2820 esse
505 2763 646 2835 cuiquam
663 2768 793 2834 possunt
809 2761 885 2820 forte
900 2777 935 2821 ac
952 2768 1063 2822 temere

91 2844 173 2902 data.
210 2843 309 2916 Quare
324 2846 350 2903 si
367 2846 434 2919 quis
447 2844 682 2918 existimatum,
699 2860 767 2903 curn
778 2844 837 2904 ista
850 2844 1063 2923 praecipimus,
1076 2857 1092 2908 2

92 2927 264 3001 benigitatis
281 2928 357 2986 fines
373 2929 522 2988 introrsus
538 2930 652 2987 reterre
667 2935 696 2988 et
711 2929 751 2986 illl
763 2929 863 2989 minus
875 2931 975 2988 laxum
989 2929 1065 2987 limi

93 3015 153 3068 tem
174 3012 309 3085 aperire,
330 3028 368 3070 ne
391 3028 552 3087 perperam
574 3012 756 3071 monitiones
772 3021 894 3074 nostras
910 3013 1062 3072 exaudiat.
1157 3054 1159 3058 »

94 3109 186 3167 quam
201 3095 279 3154 enim
294 3096 433 3155 virtutem
450 3097 546 3171 magis
563 3103 763 3156 ueneranturl
783 3097 832 3156 cui
846 3097 943 3171 magis
960 3097 1063 3156 stimu-

92 3177 140 3236 los
166 3179 329 3238 addimus?
362 3180 514 3253 quibusve
539 3187 598 3239 tam
623 3179 765 3240 convenit
790 3180 867 3240 llaec
893 3180 1062 3240 adhortatio

93 3275 185 3332 quam
212 3262 300 3322 nobis
327 3264 504 3322 societatem
533 3262 656 3323 humani
681 3264 802 3338 generis
832 3265 1064 3322 sancientibus?
1133 3259 1136 3263 ’

91 3341 171 3414 puta
193 3360 265 3420 ergo
288 3353 353 3406 est?
382 3363 449 3406 curn
465 3347 504 3406 sit
518 3349 599 3406 nulla
612 3347 742 3408 honesta
757 3347 803 3406 vis
817 3346 922 3419 animi,
945 3344 1095 3406 etiamsid‘
