2364 3840
258 183 397 242 NATUR.
414 182 576 255 QUAEST.
598 184 747 244 trevir.
769 195 902 252 24—27.
1006 189 1068 255 313

92 335 222 412 Iupiter,
246 351 284 394 an
301 335 468 407 occideret,
496 352 534 394 an
555 337 752 410 retrogradus
768 345 906 397 esset-
921 357 989 400 narn
1008 342 1066 404 lroc

92 420 135 480 tlli
155 434 267 479 nornen
287 420 452 493 inposuere
466 418 586 478 cedenti
600 452 642 464 —
658 428 727 479 ante
742 437 858 495 paucos
874 439 971 483 annos
986 425 1063 485 didi-

92 504 200 564 cimus.
236 503 351 561 lnventi
365 509 451 575 sunt,
475 503 526 577 qui
541 502 630 562 nobis
644 503 794 562 dicerent=
816 507 958 579 ,‚erratis,
980 510 1090 583 quodlt

92 586 186 646 ullam
207 586 325 645 stellam
349 592 401 645 arrt
425 586 616 660 supprimere
637 602 760 646 cursum
777 585 916 649 iudicatis
931 598 982 650 aut
996 607 1061 650 ver·

91 677 166 730 tere.
203 685 263 728 non
286 670 355 728 licet
374 677 455 728 stare
477 669 661 729 coelestibus
687 684 742 729 nec
766 671 881 730 averti:
911 673 1064 747 prodeunt

92 752 214 825 omnia,
230 759 264 811 ut
282 753 376 812 semel
392 752 485 811 missa
500 760 585 825 sunt,
607 753 730 813 vadunt.
758 753 838 813 idem
852 755 908 813 erit
921 756 978 815 illis
994 772 1062 833 cur·

93 851 163 910 sus,
183 836 234 910 qui
249 837 296 895 sui
311 835 390 894 finis.
412 851 489 909 opus
503 835 562 894 hoc
573 844 728 897 aeternum
741 836 959 899 inrevocabiles
972 839 1063 903 habet

93 927 207 980 motus:
233 919 282 993 qui
304 919 329 978 si
348 918 469 991 quando
486 917 689 990 constiterint,
711 920 771 978 alia
785 935 824 980 ex
838 921 904 981 aliis
919 922 1060 997 incident,

94 1017 174 1077 quae
194 1018 274 1060 nunc
294 1009 381 1060 tenor
401 1008 431 1059 et
449 1002 617 1075 aequalitas
640 1007 771 1063 servat.“
813 1002 890 1075 Quid
912 1013 960 1066 est
979 1021 1088 1080 ergo‚7

92 1101 148 1145 cur
167 1085 270 1159 aliqua
288 1088 423 1145 resistere
444 1084 630 1143 videanturt
662 1084 738 1144 solis
759 1101 906 1147 occursus
928 1091 1061 1163 speciem

90 1167 150 1228 illis
166 1168 313 1228 tarditatis
330 1168 446 1242 inponit
460 1174 490 1226 et
506 1173 614 1228 natura
629 1168 744 1228 viarum
758 1169 1002 1246 circulorumque
1018 1173 1063 1233 sic

92 1252 276 1326 positorum,
294 1260 327 1312 ut
341 1260 423 1311 certo
439 1259 576 1324 ternpore
591 1252 740 1326 intuentes
757 1251 874 1311 saltant:
895 1254 940 1312 sic
955 1271 1061 1330 naves,

92 1334 232 1410 quamvis
250 1335 347 1409 plenis
364 1335 439 1394 velis
455 1341 538 1407 eant,
555 1333 693 1394 videntur
705 1343 804 1394 tamen
816 1343 906 1395 stare.
935 1338 998 1397 Erit
1010 1340 1061 1413 qui

91 1419 279 1478 demonstret
298 1419 477 1493 aliquando,
500 1417 529 1475 in
551 1417 661 1492 quibus
682 1427 819 1478 cometae
840 1420 975 1493 partibus
994 1437 1060 1480 cur-

90 1509 173 1575 rant,
191 1518 259 1562 curn
273 1509 334 1560 tarn
349 1502 466 1561 seducti
481 1517 499 1559 a
514 1501 623 1561 ceteris
635 1509 744 1572 errent,
761 1507 810 1573 [et]
824 1504 926 1576 quanli
940 1505 1060 1578 quales·

92 1600 152 1659 que
166 1586 234 1646 sint.
271 1585 407 1645 Contenti
422 1586 516 1644 simus
531 1583 676 1643 inventis:
700 1583 814 1659 aliquid
830 1585 946 1645 veritati
962 1594 991 1645 et
1007 1602 1060 1660 po·

91 1668 164 1729 steri
179 1669 345 1729 conserant.

153 1750 259 1812 XXVI.
291 1752 367 1825 „Per
387 1752 506 1821 stellas,
529 1749 640 1824 inquit,
663 1750 806 1809 ulteriora
823 1768 883 1812 non
900 1753 1088 1829 cernimus,l

92 1849 146 1910 per
167 1839 301 1894 cometas
322 1834 418 1894 aciern
440 1834 698 1895 transmittimus.“
732 1832 864 1893 Primum
885 1836 911 1894 si
927 1836 961 1896 fit
977 1837 1059 1910 illud,

90 1933 152 1978 non
173 1917 203 1977 in
224 1933 261 1977 en
284 1926 368 1993 parte
389 1919 437 1991 srt,
460 1934 521 1994 qua
540 1918 624 1977 sidus
646 1918 745 1991 ipsum
760 1923 806 1975 est
821 1917 915 1991 spissi
930 1918 1008 1991 ignis
1023 1935 1060 1978 ac

91 2000 196 2074 solidi,
221 2002 276 2061 sed
299 2017 360 2075 qua
380 2018 465 2061 rarus
489 2001 635 2076 splendor
656 1999 788 2059 excurrit
807 2007 836 2059 et
850 1999 881 2059 in
899 2001 998 2060 crines
1014 2002 1058 2060 di-

51 2110 61 2119 ·
91 2085 256 2158 spergitur,
280 2100 334 2159 per
355 2084 512 2143 intervalla
532 2084 658 2157 ignium,
688 2099 748 2142 non
776 2098 829 2156 per
853 2082 940 2158 ipsos
962 2086 1058 2144 vides.

90 2167 236 2241 „Stellao‚
252 2167 362 2241 inquit,
379 2183 484 2228 omnes
499 2167 647 2227 rotundae
662 2174 746 2239 sunt,
762 2174 898 2227 cometae
914 2169 1043 2242 porrecti
1053 2180 1088 2232 :2

89 2266 128 2310 ex
142 2269 203 2326 quo
219 2251 345 2326 adparet
358 2253 461 2310 stellas
473 2268 533 2312 non
547 2255 647 2310 esse.“
682 2250 754 2323 Quis
766 2251 845 2308 enim
857 2252 998 2312 concedit
1008 2249 1060 2311 tibi

90 2342 225 2395 cometas
240 2336 349 2408 longos
365 2341 456 2394 esset
485 2350 614 2410 quorum
628 2342 733 2394 natura
746 2334 882 2408 quidem,
899 2343 931 2394 ut
946 2343 1060 2395 eetero-

89 2432 155 2477 rum
179 2419 333 2489 siderum,
363 2417 472 2491 globus
499 2424 564 2489 est,
597 2424 730 2476 ceterum
756 2415 855 2490 fulgor
879 2419 1059 2478 extenditur.

90 2499 349 2573 Quemadmodum
365 2503 412 2561 sol
427 2501 530 2561 radios
546 2516 621 2560 suos
633 2501 722 2574 longe
734 2499 855 2574 lateque
867 2499 994 2572 dimittit,
1010 2516 1059 2558 ce·

89 2591 184 2644 terum
206 2585 265 2659 ipsi
288 2586 346 2644 alia
367 2586 546 2657 estimans,
576 2584 635 2643 alia
653 2583 696 2655 ei,
726 2583 809 2657 quod
830 2597 869 2640 ex
895 2582 963 2657 ipso
984 2582 1059 2657 fluit,

88 2666 211 2728 lumini:
244 2668 289 2727 sic
321 2675 504 2728 cometarum
540 2684 653 2741 corpus
683 2668 783 2741 ipsum
811 2667 1058 2739 conrolundatur‚

88 2750 235 2824 splendor
249 2759 348 2810 autern
363 2753 481 2826 longior
493 2766 584 2825 quarn
595 2759 764 2811 ceterorum
776 2748 910 2808 siderum
922 2749 1059 2824 adparet.

149 2834 269 2892 XXVll.
299 2835 465 2907 ,‚Qunret“
490 2833 600 2909 inquis.
637 2833 691 2893 Dic
706 2841 739 2892 tu
756 2832 826 2891 mihi
842 2833 942 2907 prius,
964 2847 1085 2908 quarel

87 2917 158 2975 luna
178 2917 410 2977 dissimillimum
431 2917 488 2976 soli
510 2919 609 2977 lumen
633 2916 777 2991 accipiat,
806 2932 874 2975 curn
895 2915 1059 2990 accipiata

88 3001 164 3059 sole.
197 3014 292 3075 quare
314 3002 405 3061 modo
426 3001 546 3072 rubeat,
569 3000 661 3059 modo
684 3001 803 3073 palleat.
838 3015 932 3073 quare
947 2999 1069 3058 lividus

87 3082 128 3141 illi
143 3090 174 3142 et
187 3091 252 3142 ater
267 3086 352 3144 color
367 3082 419 3155 sit,
437 3100 504 3143 cunr
520 3090 689 3156 conspeetu
699 3083 775 3141 solis
787 3082 965 3142 excluditur.
1004 3081 1086 3146 ilict

87 3165 173 3238 mihi,
200 3183 295 3242 quare
317 3183 422 3226 ornnes
444 3168 549 3227 stellae
573 3166 649 3224 inter
669 3180 704 3224 se
724 3164 903 3224 dissimilem
927 3164 1057 3224 habeant

87 3249 279 3322 aliquatenus
303 3251 425 3321 taciem,
448 3249 688 3309 diversissimam
709 3249 776 3307 soli.
811 3248 965 3322 quomodo
983 3246 1057 3305 nihil

86 3331 227 3406 prohibet
247 3334 304 3392 ista
324 3333 426 3391 sidera
447 3348 532 3405 esse,
556 3331 695 3406 quamvis
717 3331 825 3390 similia
840 3346 901 3390 non
917 3333 989 3405 sint,
1012 3329 1057 3389 sic

86 3414 157 3474 nihil
181 3415 322 3490 prohibet
341 3423 475 3476 cometas
497 3423 637 3474 aeternos
658 3429 729 3474 esse
750 3420 780 3474 et
800 3412 892 3473 sortis
910 3412 1056 3482 eiusdem,
