<?xml version="1.0" encoding="UTF-8"?>
<!DOCTYPE html PUBLIC "-//W3C//DTD XHTML 1.0 Transitional//EN"
    "http://www.w3.org/TR/xhtml1/DTD/xhtml1-transitional.dtd">
<html xmlns="http://www.w3.org/1999/xhtml" xml:lang="en" lang="en">
 <head>
  <title>
</title>
<meta http-equiv="Content-Type" content="text/html;charset=utf-8" />
  <meta name='ocr-system' content='tesseract 3.04.00' />
  <meta name='ocr-capabilities' content='ocr_page ocr_carea ocr_par ocr_line ocrx_word'/>
</head>
<body>
  <div class='ocr_page' id='page_1' title='image "./lannaeisenecaeo01senegoog_0129.png"; bbox 0 0 2364 3840; ppageno 0'>
   <div class='ocr_carea' id='block_1_1' title="bbox 113 179 800 245">
    <p class='ocr_par' dir='ltr' id='par_1_1' title="bbox 113 179 800 245">
     <span class='ocr_line' id='line_1_1' title="bbox 113 179 800 245; baseline -0.006 -2"><span class='ocrx_word' id='word_1_1' title='bbox 113 179 175 245; x_wconf 80' lang='grc'>116</span> <span class='ocrx_word' id='word_1_2' title='bbox 402 181 435 239; x_wconf 90' lang='lat' dir='ltr'>L.</span> <span class='ocrx_word' id='word_1_3' title='bbox 458 180 605 239; x_wconf 80' lang='lat' dir='ltr'>ANNAEI</span> <span class='ocrx_word' id='word_1_4' title='bbox 625 180 800 241; x_wconf 81' lang='lat' dir='ltr'>SENECAE</span> 
     </span>
    </p>
   </div>
   <div class='ocr_carea' id='block_1_2' title="bbox 82 331 1087 911">
    <p class='ocr_par' dir='ltr' id='par_1_2' title="bbox 82 331 1087 911">
     <span class='ocr_line' id='line_1_2' title="bbox 112 331 1087 407; baseline 0.006 -15"><span class='ocrx_word' id='word_1_5' title='bbox 112 349 176 392; x_wconf 90' lang='lat' dir='ltr'>rem</span> <span class='ocrx_word' id='word_1_6' title='bbox 192 332 457 406; x_wconf 86' lang='lat' dir='ltr'>inaestimabilem,</span> <span class='ocrx_word' id='word_1_7' title='bbox 482 332 573 390; x_wconf 77' lang='lat' dir='ltr'>vitam</span> <span class='ocrx_word' id='word_1_8' title='bbox 588 346 625 392; x_wconf 91' lang='lat' dir='ltr'>ac</span> <span class='ocrx_word' id='word_1_9' title='bbox 640 331 835 392; x_wconf 84' lang='lat' dir='ltr'>valitudinem</span> <span class='ocrx_word' id='word_1_10' title='bbox 851 333 980 407; x_wconf 84' lang='lat' dir='ltr'>bonam,</span> <span class='ocrx_word' id='word_1_11' title='bbox 1004 337 1087 398; x_wconf 88' lang='lat' dir='ltr'>abo·</span> 
     </span>
     <span class='ocr_line' id='line_1_3' title="bbox 113 414 1087 490; baseline 0.005 -15"><span class='ocrx_word' id='word_1_12' title='bbox 113 433 218 475; x_wconf 87' lang='lat' dir='ltr'>narum</span> <span class='ocrx_word' id='word_1_13' title='bbox 241 415 348 475; x_wconf 87' lang='lat' dir='ltr'>artium</span> <span class='ocrx_word' id='word_1_14' title='bbox 373 423 573 490; x_wconf 77' lang='lat' dir='ltr'>praeceptore</span> <span class='ocrx_word' id='word_1_15' title='bbox 594 415 696 474; x_wconf 89' lang='lat' dir='ltr'>studia</span> <span class='ocrx_word' id='word_1_16' title='bbox 718 414 856 476; x_wconf 85' lang='lat' dir='ltr'>liberalia</span> <span class='ocrx_word' id='word_1_17' title='bbox 875 424 906 477; x_wconf 89' lang='lat' dir='ltr'>et</span> <span class='ocrx_word' id='word_1_18' title='bbox 923 417 1017 478; x_wconf 87' lang='lat' dir='ltr'>animi</span> <span class='ocrx_word' id='word_1_19' title='bbox 1030 423 1087 480; x_wconf 90' lang='lat' dir='ltr'>cul·</span> 
     </span>
     <span class='ocr_line' id='line_1_4' title="bbox 113 498 1086 575; baseline 0.003 -16"><span class='ocrx_word' id='word_1_20' title='bbox 113 508 190 559; x_wconf 84' lang='lat' dir='ltr'>tum:</span> <span class='ocrx_word' id='word_1_21' title='bbox 219 499 322 574; x_wconf 88' lang='lat' dir='ltr'>itaque</span> <span class='ocrx_word' id='word_1_22' title='bbox 343 499 391 559; x_wconf 90' lang='lat' dir='ltr'>bis</span> <span class='ocrx_word' id='word_1_23' title='bbox 415 515 475 558; x_wconf 92' lang='lat' dir='ltr'>non</span> <span class='ocrx_word' id='word_1_24' title='bbox 498 499 541 557; x_wconf 88' lang='lat' dir='ltr'>rei</span> <span class='ocrx_word' id='word_1_25' title='bbox 563 498 710 572; x_wconf 73' lang='lat' dir='ltr'>pretium,</span> <span class='ocrx_word' id='word_1_26' title='bbox 738 499 795 559; x_wconf 90' lang='lat' dir='ltr'>sed</span> <span class='ocrx_word' id='word_1_27' title='bbox 816 515 931 575; x_wconf 81' lang='lat' dir='ltr'><strong>operae</strong></span> <span class='ocrx_word' id='word_1_28' title='bbox 952 502 1086 575; x_wconf 92' lang='lat' dir='ltr'>solvitur,</span> 
     </span>
     <span class='ocr_line' id='line_1_5' title="bbox 113 582 1087 658; baseline 0.005 -16"><span class='ocrx_word' id='word_1_29' title='bbox 113 584 196 658; x_wconf 92' lang='lat' dir='ltr'>quod</span> <span class='ocrx_word' id='word_1_30' title='bbox 213 584 402 654; x_wconf 90' lang='lat' dir='ltr'>deserviunt,</span> <span class='ocrx_word' id='word_1_31' title='bbox 421 582 504 655; x_wconf 88' lang='lat' dir='ltr'>quod</span> <span class='ocrx_word' id='word_1_32' title='bbox 518 582 644 642; x_wconf 84' lang='lat' dir='ltr'>arabus</span> <span class='ocrx_word' id='word_1_33' title='bbox 659 582 725 641; x_wconf 91' lang='lat' dir='ltr'>suis</span> <span class='ocrx_word' id='word_1_34' title='bbox 737 584 857 642; x_wconf 89' lang='lat' dir='ltr'>evocati</span> <span class='ocrx_word' id='word_1_35' title='bbox 869 584 960 645; x_wconf 93' lang='lat' dir='ltr'>nobis</span> <span class='ocrx_word' id='word_1_36' title='bbox 973 596 1087 647; x_wconf 86' lang='lat' dir='ltr'>vacant</span> 
     </span>
     <span class='ocr_line' id='line_1_6' title="bbox 82 664 1087 739; baseline 0.003 -12"><span class='ocrx_word' id='word_1_37' title='bbox 82 667 284 729; x_wconf 73' lang='lat' dir='ltr'>emercedern</span> <span class='ocrx_word' id='word_1_38' title='bbox 296 664 356 724; x_wconf 86' lang='lat' dir='ltr'>don</span> <span class='ocrx_word' id='word_1_39' title='bbox 370 665 476 737; x_wconf 88' lang='lat' dir='ltr'>meriti,</span> <span class='ocrx_word' id='word_1_40' title='bbox 489 665 546 724; x_wconf 93' lang='lat' dir='ltr'>sed</span> <span class='ocrx_word' id='word_1_41' title='bbox 558 665 769 739; x_wconf 73' lang='lat' dir='ltr'>occupationis</span> <span class='ocrx_word' id='word_1_42' title='bbox 781 681 857 726; x_wconf 89' lang='lat' dir='ltr'>suae</span> <span class='ocrx_word' id='word_1_43' title='bbox 869 669 980 727; x_wconf 76' lang='lat' dir='ltr'>terunt.</span> <span class='ocrx_word' id='word_1_44' title='bbox 1001 671 1087 730; x_wconf 84' lang='lat' dir='ltr'>Aliud</span> 
     </span>
     <span class='ocr_line' id='line_1_7' title="bbox 111 747 1086 826; baseline 0.003 -15"><span class='ocrx_word' id='word_1_45' title='bbox 111 760 212 811; x_wconf 89' lang='lat' dir='ltr'>tamen</span> <span class='ocrx_word' id='word_1_46' title='bbox 235 749 294 808; x_wconf 88' lang='lat' dir='ltr'>dici</span> <span class='ocrx_word' id='word_1_47' title='bbox 317 756 418 823; x_wconf 93' lang='lat' dir='ltr'>potest</span> <span class='ocrx_word' id='word_1_48' title='bbox 441 749 558 821; x_wconf 89' lang='lat' dir='ltr'>verius,</span> <span class='ocrx_word' id='word_1_49' title='bbox 581 749 663 822; x_wconf 91' lang='lat' dir='ltr'>quod</span> <span class='ocrx_word' id='word_1_50' title='bbox 685 747 785 808; x_wconf 91' lang='lat' dir='ltr'>statim</span> <span class='ocrx_word' id='word_1_51' title='bbox 804 766 934 825; x_wconf 91' lang='lat' dir='ltr'>ponam,</span> <span class='ocrx_word' id='word_1_52' title='bbox 958 753 986 811; x_wconf 89' lang='lat' dir='ltr'>si</span> <span class='ocrx_word' id='word_1_53' title='bbox 1008 755 1086 826; x_wconf 88' lang='lat' dir='ltr'>prius</span> 
     </span>
     <span class='ocr_line' id='line_1_8' title="bbox 113 830 1086 911; baseline 0.007 -21"><span class='ocrx_word' id='word_1_54' title='bbox 113 833 268 908; x_wconf 89' lang='lat' dir='ltr'>quomodo</span> <span class='ocrx_word' id='word_1_55' title='bbox 289 832 370 892; x_wconf 92' lang='lat' dir='ltr'>istud</span> <span class='ocrx_word' id='word_1_56' title='bbox 391 830 488 890; x_wconf 79' lang='lat' dir='ltr'>refelli</span> <span class='ocrx_word' id='word_1_57' title='bbox 506 832 604 906; x_wconf 80' lang='lat' dir='ltr'>possit</span> <span class='ocrx_word' id='word_1_58' title='bbox 620 832 795 892; x_wconf 81' lang='lat' dir='ltr'>ostendero.</span> <span class='ocrx_word' id='word_1_59' title='bbox 832 833 1027 911; x_wconf 66' lang='lat' dir='ltr'>„Quaedam</span> <span class='ocrx_word' id='word_1_60' title='bbox 1048 839 1086 896; x_wconf 90' lang='lat' dir='ltr'>iu-</span> 
     </span>
    </p>
   </div>
   <div class='ocr_carea' id='block_1_3' title="bbox 82 914 1088 3505">
    <p class='ocr_par' dir='ltr' id='par_1_3' title="bbox 83 914 1088 2759">
     <span class='ocr_line' id='line_1_9' title="bbox 113 914 1088 994; baseline 0.005 -19"><span class='ocrx_word' id='word_1_61' title='bbox 113 917 192 990; x_wconf 93' lang='lat' dir='ltr'>quit,</span> <span class='ocrx_word' id='word_1_62' title='bbox 215 914 311 990; x_wconf 90' lang='lat' dir='ltr'>pluris</span> <span class='ocrx_word' id='word_1_63' title='bbox 334 923 406 975; x_wconf 91' lang='lat' dir='ltr'>sunt</span> <span class='ocrx_word' id='word_1_64' title='bbox 427 931 518 989; x_wconf 90' lang='lat' dir='ltr'>quam</span> <span class='ocrx_word' id='word_1_65' title='bbox 534 914 695 975; x_wconf 85' lang='lat' dir='ltr'>venierunt</span> <span class='ocrx_word' id='word_1_66' title='bbox 709 923 739 975; x_wconf 92' lang='lat' dir='ltr'>et</span> <span class='ocrx_word' id='word_1_67' title='bbox 759 917 799 976; x_wconf 91' lang='lat' dir='ltr'>ob</span> <span class='ocrx_word' id='word_1_68' title='bbox 814 915 874 977; x_wconf 88' lang='lat' dir='ltr'>hoc</span> <span class='ocrx_word' id='word_1_69' title='bbox 888 918 1007 994; x_wconf 86' lang='lat' dir='ltr'>aliquid</span> <span class='ocrx_word' id='word_1_70' title='bbox 1022 921 1088 980; x_wconf 88' lang='lat' dir='ltr'>mihi</span> 
     </span>
     <span class='ocr_line' id='line_1_10' title="bbox 84 998 1087 1079; baseline 0 -17"><span class='ocrx_word' id='word_1_71' title='bbox 84 1005 198 1062; x_wconf 74' lang='lat' dir='ltr'>dextra</span> <span class='ocrx_word' id='word_1_72' title='bbox 214 1014 269 1072; x_wconf 91' lang='lat' dir='ltr'>pro</span> <span class='ocrx_word' id='word_1_73' title='bbox 282 999 350 1071; x_wconf 84' lang='lat' dir='ltr'>iilis,</span> <span class='ocrx_word' id='word_1_74' title='bbox 367 999 507 1074; x_wconf 92' lang='lat' dir='ltr'>quamvis</span> <span class='ocrx_word' id='word_1_75' title='bbox 519 1006 621 1073; x_wconf 91' lang='lat' dir='ltr'>empta</span> <span class='ocrx_word' id='word_1_76' title='bbox 633 1000 701 1072; x_wconf 89' lang='lat' dir='ltr'>sint,</span> <span class='ocrx_word' id='word_1_77' title='bbox 717 998 845 1060; x_wconf 90' lang='lat' dir='ltr'>debes.“</span> <span class='ocrx_word' id='word_1_78' title='bbox 873 1000 1008 1062; x_wconf 89' lang='lat' dir='ltr'>Primum</span> <span class='ocrx_word' id='word_1_79' title='bbox 1020 1005 1087 1079; x_wconf 91' lang='lat' dir='ltr'>quid</span> 
     </span>
     <span class='ocr_line' id='line_1_11' title="bbox 112 1083 1086 1157; baseline 0.005 -16"><span class='ocrx_word' id='word_1_80' title='bbox 112 1083 246 1156; x_wconf 89' lang='lat' dir='ltr'>interest,</span> <span class='ocrx_word' id='word_1_81' title='bbox 260 1083 364 1157; x_wconf 91' lang='lat' dir='ltr'>quanti</span> <span class='ocrx_word' id='word_1_82' title='bbox 382 1083 450 1156; x_wconf 91' lang='lat' dir='ltr'>sint,</span> <span class='ocrx_word' id='word_1_83' title='bbox 463 1099 531 1143; x_wconf 90' lang='lat' dir='ltr'>cum</span> <span class='ocrx_word' id='word_1_84' title='bbox 544 1083 582 1142; x_wconf 89' lang='lat' dir='ltr'>de</span> <span class='ocrx_word' id='word_1_85' title='bbox 595 1083 692 1157; x_wconf 89' lang='lat' dir='ltr'>pretio</span> <span class='ocrx_word' id='word_1_86' title='bbox 705 1083 784 1142; x_wconf 90' lang='lat' dir='ltr'>inter</span> <span class='ocrx_word' id='word_1_87' title='bbox 795 1091 946 1144; x_wconf 88' lang='lat' dir='ltr'>ementem</span> <span class='ocrx_word' id='word_1_88' title='bbox 956 1087 1086 1149; x_wconf 88' lang='lat' dir='ltr'>venden-</span> 
     </span>
     <span class='ocr_line' id='line_1_12' title="bbox 112 1166 1087 1244; baseline 0.006 -19"><span class='ocrx_word' id='word_1_89' title='bbox 112 1174 234 1241; x_wconf 84' lang='lat' dir='ltr'>temque</span> <span class='ocrx_word' id='word_1_90' title='bbox 250 1168 446 1226; x_wconf 74' lang='lat' dir='ltr'>convenerit?</span> <span class='ocrx_word' id='word_1_91' title='bbox 467 1167 584 1228; x_wconf 91' lang='lat' dir='ltr'>Deinde</span> <span class='ocrx_word' id='word_1_92' title='bbox 599 1183 660 1227; x_wconf 93' lang='lat' dir='ltr'>non</span> <span class='ocrx_word' id='word_1_93' title='bbox 673 1166 732 1225; x_wconf 84' lang='lat' dir='ltr'>cmi</span> <span class='ocrx_word' id='word_1_94' title='bbox 747 1167 821 1226; x_wconf 93' lang='lat' dir='ltr'>illud</span> <span class='ocrx_word' id='word_1_95' title='bbox 836 1183 894 1228; x_wconf 92' lang='lat' dir='ltr'>suo</span> <span class='ocrx_word' id='word_1_96' title='bbox 909 1171 1021 1244; x_wconf 90' lang='lat' dir='ltr'>pretio,</span> <span class='ocrx_word' id='word_1_97' title='bbox 1035 1171 1087 1231; x_wconf 90' lang='lat' dir='ltr'>sed</span> 
     </span>
     <span class='ocr_line' id='line_1_13' title="bbox 112 1249 1087 1326; baseline 0.003 -17"><span class='ocrx_word' id='word_1_98' title='bbox 112 1257 173 1310; x_wconf 91' lang='lat' dir='ltr'>tuo.</span> <span class='ocrx_word' id='word_1_99' title='bbox 197 1249 315 1324; x_wconf 90' lang='lat' dir='ltr'>„Pluris</span> <span class='ocrx_word' id='word_1_100' title='bbox 327 1259 390 1324; x_wconf 92' lang='lat' dir='ltr'>est,</span> <span class='ocrx_word' id='word_1_101' title='bbox 406 1250 524 1326; x_wconf 88' lang='lat' dir='ltr'>inquis,</span> <span class='ocrx_word' id='word_1_102' title='bbox 542 1267 632 1325; x_wconf 88' lang='lat' dir='ltr'>quarn</span> <span class='ocrx_word' id='word_1_103' title='bbox 648 1250 782 1309; x_wconf 86' lang='lat' dir='ltr'>veniit=“</span> <span class='ocrx_word' id='word_1_104' title='bbox 801 1252 857 1310; x_wconf 88' lang='lat' dir='ltr'>sed</span> <span class='ocrx_word' id='word_1_105' title='bbox 873 1252 971 1326; x_wconf 91' lang='lat' dir='ltr'>pluris</span> <span class='ocrx_word' id='word_1_106' title='bbox 987 1255 1087 1314; x_wconf 88' lang='lat' dir='ltr'>venire</span> 
     </span>
     <span class='ocr_line' id='line_1_14' title="bbox 112 1334 1086 1411; baseline 0.004 -18"><span class='ocrx_word' id='word_1_107' title='bbox 112 1350 173 1394; x_wconf 90' lang='lat' dir='ltr'>non</span> <span class='ocrx_word' id='word_1_108' title='bbox 188 1336 293 1408; x_wconf 91' lang='lat' dir='ltr'>potuit.</span> <span class='ocrx_word' id='word_1_109' title='bbox 322 1336 451 1408; x_wconf 88' lang='lat' dir='ltr'>pretium</span> <span class='ocrx_word' id='word_1_110' title='bbox 468 1342 568 1394; x_wconf 90' lang='lat' dir='ltr'>autem</span> <span class='ocrx_word' id='word_1_111' title='bbox 585 1334 736 1408; x_wconf 92' lang='lat' dir='ltr'>cuiusque</span> <span class='ocrx_word' id='word_1_112' title='bbox 750 1335 794 1393; x_wconf 90' lang='lat' dir='ltr'>rei</span> <span class='ocrx_word' id='word_1_113' title='bbox 810 1351 865 1409; x_wconf 90' lang='lat' dir='ltr'>pro</span> <span class='ocrx_word' id='word_1_114' title='bbox 880 1344 1021 1411; x_wconf 87' lang='lat' dir='ltr'>tempore</span> <span class='ocrx_word' id='word_1_115' title='bbox 1035 1347 1086 1397; x_wconf 90' lang='lat' dir='ltr'>est</span> 
     </span>
     <span class='ocr_line' id='line_1_15' title="bbox 113 1417 1086 1495; baseline 0.003 -18"><span class='ocrx_word' id='word_1_116' title='bbox 113 1433 182 1478; x_wconf 90' lang='lat' dir='ltr'>cum</span> <span class='ocrx_word' id='word_1_117' title='bbox 203 1418 281 1477; x_wconf 91' lang='lat' dir='ltr'>bene</span> <span class='ocrx_word' id='word_1_118' title='bbox 301 1419 359 1476; x_wconf 92' lang='lat' dir='ltr'>ista</span> <span class='ocrx_word' id='word_1_119' title='bbox 379 1419 568 1490; x_wconf 80' lang='lat' dir='ltr'>laudaveris,</span> <span class='ocrx_word' id='word_1_120' title='bbox 591 1417 665 1478; x_wconf 91' lang='lat' dir='ltr'>tanti</span> <span class='ocrx_word' id='word_1_121' title='bbox 687 1425 771 1490; x_wconf 91' lang='lat' dir='ltr'>sunt,</span> <span class='ocrx_word' id='word_1_122' title='bbox 794 1427 908 1493; x_wconf 89' lang='lat' dir='ltr'>quanto</span> <span class='ocrx_word' id='word_1_123' title='bbox 924 1423 1024 1495; x_wconf 85' lang='lat' dir='ltr'>pruris</span> <span class='ocrx_word' id='word_1_124' title='bbox 1039 1437 1086 1480; x_wconf 92' lang='lat' dir='ltr'>ve·</span> 
     </span>
     <span class='ocr_line' id='line_1_16' title="bbox 113 1501 1087 1580; baseline 0.005 -21"><span class='ocrx_word' id='word_1_125' title='bbox 113 1503 177 1559; x_wconf 90' lang='lat' dir='ltr'>nire</span> <span class='ocrx_word' id='word_1_126' title='bbox 189 1518 250 1561; x_wconf 93' lang='lat' dir='ltr'>non</span> <span class='ocrx_word' id='word_1_127' title='bbox 264 1509 403 1576; x_wconf 92' lang='lat' dir='ltr'>possunt.</span> <span class='ocrx_word' id='word_1_128' title='bbox 426 1508 586 1576; x_wconf 89' lang='lat' dir='ltr'>praeterea</span> <span class='ocrx_word' id='word_1_129' title='bbox 598 1501 671 1560; x_wconf 89' lang='lat' dir='ltr'>nihii</span> <span class='ocrx_word' id='word_1_130' title='bbox 683 1501 833 1562; x_wconf 90' lang='lat' dir='ltr'>venditori</span> <span class='ocrx_word' id='word_1_131' title='bbox 844 1503 939 1564; x_wconf 89' lang='lat' dir='ltr'>debet</span> <span class='ocrx_word' id='word_1_132' title='bbox 947 1507 1002 1580; x_wconf 90' lang='lat' dir='ltr'>qui</span> <span class='ocrx_word' id='word_1_133' title='bbox 1014 1506 1087 1565; x_wconf 89' lang='lat' dir='ltr'>bene</span> 
     </span>
     <span class='ocr_line' id='line_1_17' title="bbox 83 1584 1086 1659; baseline 0.008 -20"><span class='ocrx_word' id='word_1_134' title='bbox 83 1586 191 1643; x_wconf 69' lang='lat' dir='ltr'>senrit.</span> <span class='ocrx_word' id='word_1_135' title='bbox 228 1584 346 1643; x_wconf 87' lang='lat' dir='ltr'>Deinde</span> <span class='ocrx_word' id='word_1_136' title='bbox 367 1585 484 1644; x_wconf 87' lang='lat' dir='ltr'>etiamsi</span> <span class='ocrx_word' id='word_1_137' title='bbox 507 1585 603 1659; x_wconf 89' lang='lat' dir='ltr'>pluris</span> <span class='ocrx_word' id='word_1_138' title='bbox 618 1585 676 1644; x_wconf 91' lang='lat' dir='ltr'>ista</span> <span class='ocrx_word' id='word_1_139' title='bbox 691 1592 777 1658; x_wconf 90' lang='lat' dir='ltr'>sunt,</span> <span class='ocrx_word' id='word_1_140' title='bbox 801 1595 980 1649; x_wconf 88' lang='lat' dir='ltr'>nontamen</span> <span class='ocrx_word' id='word_1_141' title='bbox 998 1591 1086 1650; x_wconf 83' lang='lat' dir='ltr'>ultum</span> 
     </span>
     <span class='ocr_line' id='line_1_18' title="bbox 112 1668 1086 1743; baseline 0.006 -17"><span class='ocrx_word' id='word_1_142' title='bbox 112 1668 180 1726; x_wconf 92' lang='lat' dir='ltr'>istic</span> <span class='ocrx_word' id='word_1_143' title='bbox 202 1675 285 1726; x_wconf 92' lang='lat' dir='ltr'>tuum</span> <span class='ocrx_word' id='word_1_144' title='bbox 305 1684 416 1727; x_wconf 91' lang='lat' dir='ltr'>munus</span> <span class='ocrx_word' id='word_1_145' title='bbox 438 1675 500 1740; x_wconf 87' lang='lat' dir='ltr'>est,</span> <span class='ocrx_word' id='word_1_146' title='bbox 523 1675 556 1728; x_wconf 92' lang='lat' dir='ltr'>ut</span> <span class='ocrx_word' id='word_1_147' title='bbox 576 1684 637 1729; x_wconf 91' lang='lat' dir='ltr'>non</span> <span class='ocrx_word' id='word_1_148' title='bbox 656 1685 695 1728; x_wconf 89' lang='lat' dir='ltr'>ex</span> <span class='ocrx_word' id='word_1_149' title='bbox 710 1685 769 1728; x_wconf 92' lang='lat' dir='ltr'>usu</span> <span class='ocrx_word' id='word_1_150' title='bbox 785 1669 950 1743; x_wconf 82' lang='lat' dir='ltr'>affectuve,</span> <span class='ocrx_word' id='word_1_151' title='bbox 980 1673 1037 1732; x_wconf 89' lang='lat' dir='ltr'>sed</span> <span class='ocrx_word' id='word_1_152' title='bbox 1051 1689 1086 1732; x_wconf 90' lang='lat' dir='ltr'>ex</span> 
     </span>
     <span class='ocr_line' id='line_1_19' title="bbox 84 1751 1086 1831; baseline 0.01 -25"><span class='ocrx_word' id='word_1_153' title='bbox 84 1751 335 1810; x_wconf 85' lang='lat' dir='ltr'>6consuetudine</span> <span class='ocrx_word' id='word_1_154' title='bbox 350 1760 380 1812; x_wconf 92' lang='lat' dir='ltr'>et</span> <span class='ocrx_word' id='word_1_155' title='bbox 394 1768 517 1812; x_wconf 90' lang='lat' dir='ltr'>annona</span> <span class='ocrx_word' id='word_1_156' title='bbox 531 1754 715 1812; x_wconf 84' lang='lat' dir='ltr'>aestimetur.</span> <span class='ocrx_word' id='word_1_157' title='bbox 742 1753 829 1827; x_wconf 81' lang='lat' dir='ltr'>Quod</span> <span class='ocrx_word' id='word_1_158' title='bbox 843 1762 876 1814; x_wconf 93' lang='lat' dir='ltr'>tu</span> <span class='ocrx_word' id='word_1_159' title='bbox 889 1757 1020 1829; x_wconf 89' lang='lat' dir='ltr'>pretium</span> <span class='ocrx_word' id='word_1_160' title='bbox 1036 1772 1086 1831; x_wconf 92' lang='lat' dir='ltr'>po-</span> 
     </span>
     <span class='ocr_line' id='line_1_20' title="bbox 113 1835 1087 1912; baseline 0.006 -19"><span class='ocrx_word' id='word_1_161' title='bbox 113 1835 160 1893; x_wconf 91' lang='lat' dir='ltr'>nis</span> <span class='ocrx_word' id='word_1_162' title='bbox 183 1835 331 1894; x_wconf 85' lang='lat' dir='ltr'>traicienti</span> <span class='ocrx_word' id='word_1_163' title='bbox 352 1837 447 1896; x_wconf 90' lang='lat' dir='ltr'>maria</span> <span class='ocrx_word' id='word_1_164' title='bbox 468 1844 498 1896; x_wconf 91' lang='lat' dir='ltr'>et</span> <span class='ocrx_word' id='word_1_165' title='bbox 516 1852 573 1912; x_wconf 88' lang='lat' dir='ltr'>per</span> <span class='ocrx_word' id='word_1_166' title='bbox 587 1836 706 1896; x_wconf 92' lang='lat' dir='ltr'>medios</span> <span class='ocrx_word' id='word_1_167' title='bbox 722 1835 849 1908; x_wconf 79' lang='lat' dir='ltr'>ssuctuS,</span> <span class='ocrx_word' id='word_1_168' title='bbox 873 1853 943 1898; x_wconf 89' lang='lat' dir='ltr'>cum</span> <span class='ocrx_word' id='word_1_169' title='bbox 959 1854 977 1899; x_wconf 92' lang='lat' dir='ltr'>e</span> <span class='ocrx_word' id='word_1_170' title='bbox 992 1847 1087 1899; x_wconf 88' lang='lat' dir='ltr'>terrae</span> 
     </span>
     <span class='ocr_line' id='line_1_21' title="bbox 113 1920 1086 1999; baseline 0.005 -21"><span class='ocrx_word' id='word_1_171' title='bbox 113 1927 284 1993; x_wconf 89' lang='lat' dir='ltr'>conspectu</span> <span class='ocrx_word' id='word_1_172' title='bbox 305 1922 450 1994; x_wconf 85' lang='lat' dir='ltr'>recessit,</span> <span class='ocrx_word' id='word_1_173' title='bbox 473 1929 585 1981; x_wconf 88' lang='lat' dir='ltr'>certam</span> <span class='ocrx_word' id='word_1_174' title='bbox 607 1920 723 1980; x_wconf 80' lang='lat' dir='ltr'>secanti</span> <span class='ocrx_word' id='word_1_175' title='bbox 744 1920 824 1979; x_wconf 88' lang='lat' dir='ltr'>viam</span> <span class='ocrx_word' id='word_1_176' title='bbox 839 1928 869 1980; x_wconf 93' lang='lat' dir='ltr'>et</span> <span class='ocrx_word' id='word_1_177' title='bbox 888 1922 1086 1999; x_wconf 86' lang='lat' dir='ltr'>prospicienti</span> 
     </span>
     <span class='ocr_line' id='line_1_22' title="bbox 112 2003 1087 2078; baseline 0.005 -17"><span class='ocrx_word' id='word_1_178' title='bbox 112 2004 229 2063; x_wconf 83' lang='lat' dir='ltr'>futuras</span> <span class='ocrx_word' id='word_1_179' title='bbox 244 2011 441 2078; x_wconf 88' lang='lat' dir='ltr'>tempestates</span> <span class='ocrx_word' id='word_1_180' title='bbox 454 2012 485 2063; x_wconf 92' lang='lat' dir='ltr'>et</span> <span class='ocrx_word' id='word_1_181' title='bbox 499 2004 617 2064; x_wconf 89' lang='lat' dir='ltr'>securis</span> <span class='ocrx_word' id='word_1_182' title='bbox 630 2003 770 2063; x_wconf 86' lang='lat' dir='ltr'>omnibus</span> <span class='ocrx_word' id='word_1_183' title='bbox 782 2004 882 2065; x_wconf 92' lang='lat' dir='ltr'>subito</span> <span class='ocrx_word' id='word_1_184' title='bbox 894 2006 1012 2066; x_wconf 89' lang='lat' dir='ltr'>iubenti</span> <span class='ocrx_word' id='word_1_185' title='bbox 1022 2009 1087 2066; x_wconf 88' lang='lat' dir='ltr'>veta</span> 
     </span>
     <span class='ocr_line' id='line_1_23' title="bbox 112 2086 1086 2165; baseline 0.004 -19"><span class='ocrx_word' id='word_1_186' title='bbox 112 2087 234 2161; x_wconf 79' lang='lat' dir='ltr'>stringi,</span> <span class='ocrx_word' id='word_1_187' title='bbox 264 2095 450 2146; x_wconf 89' lang='lat' dir='ltr'>armamenta</span> <span class='ocrx_word' id='word_1_188' title='bbox 472 2086 601 2159; x_wconf 90' lang='lat' dir='ltr'>demitti,</span> <span class='ocrx_word' id='word_1_189' title='bbox 631 2094 754 2162; x_wconf 90' lang='lat' dir='ltr'>paratos</span> <span class='ocrx_word' id='word_1_190' title='bbox 775 2087 815 2146; x_wconf 92' lang='lat' dir='ltr'>ad</span> <span class='ocrx_word' id='word_1_191' title='bbox 839 2088 997 2150; x_wconf 91' lang='lat' dir='ltr'>incursum</span> <span class='ocrx_word' id='word_1_192' title='bbox 1019 2107 1086 2165; x_wconf 87' lang='lat' dir='ltr'>pro·</span> 
     </span>
     <span class='ocr_line' id='line_1_24' title="bbox 112 2169 1087 2244; baseline 0.003 -15"><span class='ocrx_word' id='word_1_193' title='bbox 112 2170 208 2229; x_wconf 89' lang='lat' dir='ltr'>ceilae</span> <span class='ocrx_word' id='word_1_194' title='bbox 226 2169 259 2228; x_wconf 76' lang='lat' dir='ltr'>&#39;et</span> <span class='ocrx_word' id='word_1_195' title='bbox 279 2170 469 2244; x_wconf 88' lang='lat' dir='ltr'>repentinum</span> <span class='ocrx_word' id='word_1_196' title='bbox 489 2171 624 2244; x_wconf 89' lang='lat' dir='ltr'>inpetum</span> <span class='ocrx_word' id='word_1_197' title='bbox 646 2177 749 2232; x_wconf 75' lang='lat' dir='ltr'>staret</span> <span class='ocrx_word' id='word_1_198' title='bbox 773 2170 844 2230; x_wconf 92' lang='lat' dir='ltr'>huic</span> <span class='ocrx_word' id='word_1_199' title='bbox 865 2179 967 2233; x_wconf 89' lang='lat' dir='ltr'>tamen</span> <span class='ocrx_word' id='word_1_200' title='bbox 988 2181 1087 2235; x_wconf 80' lang='lat' dir='ltr'>tanne</span> 
     </span>
     <span class='ocr_line' id='line_1_25' title="bbox 84 2251 1085 2328; baseline 0.004 -14"><span class='ocrx_word' id='word_1_201' title='bbox 84 2251 156 2314; x_wconf 75' lang='lat' dir='ltr'>trei</span> <span class='ocrx_word' id='word_1_202' title='bbox 179 2254 347 2325; x_wconf 87' lang='lat' dir='ltr'>praemium</span> <span class='ocrx_word' id='word_1_203' title='bbox 367 2258 492 2312; x_wconf 88' lang='lat' dir='ltr'>vectura</span> <span class='ocrx_word' id='word_1_204' title='bbox 513 2253 669 2327; x_wconf 83' lang='lat' dir='ltr'>persolvit.</span> <span class='ocrx_word' id='word_1_205' title='bbox 707 2254 815 2328; x_wconf 80' lang='lat' dir='ltr'>Quanti</span> <span class='ocrx_word' id='word_1_206' title='bbox 832 2256 978 2318; x_wconf 88' lang='lat' dir='ltr'>aestimas</span> <span class='ocrx_word' id='word_1_207' title='bbox 993 2258 1023 2316; x_wconf 90' lang='lat' dir='ltr'>in</span> <span class='ocrx_word' id='word_1_208' title='bbox 1039 2274 1085 2318; x_wconf 94' lang='lat' dir='ltr'>so·</span> 
     </span>
     <span class='ocr_line' id='line_1_26' title="bbox 113 2334 1085 2414; baseline 0.008 -22"><span class='ocrx_word' id='word_1_209' title='bbox 113 2334 238 2393; x_wconf 88' lang='lat' dir='ltr'>titudine</span> <span class='ocrx_word' id='word_1_210' title='bbox 257 2334 439 2410; x_wconf 88' lang='lat' dir='ltr'>hospitium,</span> <span class='ocrx_word' id='word_1_211' title='bbox 460 2337 491 2396; x_wconf 93' lang='lat' dir='ltr'>in</span> <span class='ocrx_word' id='word_1_212' title='bbox 511 2337 607 2397; x_wconf 90' lang='lat' dir='ltr'>imbre</span> <span class='ocrx_word' id='word_1_213' title='bbox 624 2345 750 2411; x_wconf 88' lang='lat' dir='ltr'>tectum,</span> <span class='ocrx_word' id='word_1_214' title='bbox 771 2337 802 2398; x_wconf 93' lang='lat' dir='ltr'>in</span> <span class='ocrx_word' id='word_1_215' title='bbox 818 2338 932 2414; x_wconf 73' lang='lat' dir='ltr'>frigore</span> <span class='ocrx_word' id='word_1_216' title='bbox 945 2339 1085 2402; x_wconf 87' lang='lat' dir='ltr'>balneum</span> 
     </span>
     <span class='ocr_line' id='line_1_27' title="bbox 113 2418 1084 2496; baseline 0.009 -20"><span class='ocrx_word' id='word_1_217' title='bbox 113 2427 164 2479; x_wconf 89' lang='lat' dir='ltr'>aut</span> <span class='ocrx_word' id='word_1_218' title='bbox 185 2418 307 2494; x_wconf 69' lang='lat' dir='ltr'>ignem?</span> <span class='ocrx_word' id='word_1_219' title='bbox 338 2419 403 2479; x_wconf 92' lang='lat' dir='ltr'>scio</span> <span class='ocrx_word' id='word_1_220' title='bbox 422 2428 537 2492; x_wconf 90' lang='lat' dir='ltr'>tamen,</span> <span class='ocrx_word' id='word_1_221' title='bbox 559 2422 663 2496; x_wconf 88' lang='lat' dir='ltr'>quanti</span> <span class='ocrx_word' id='word_1_222' title='bbox 676 2421 735 2481; x_wconf 87' lang='lat' dir='ltr'>ista</span> <span class='ocrx_word' id='word_1_223' title='bbox 749 2431 974 2484; x_wconf 87' lang='lat' dir='ltr'>consecuturus</span> <span class='ocrx_word' id='word_1_224' title='bbox 988 2424 1084 2485; x_wconf 86' lang='lat' dir='ltr'>diver·</span> 
     </span>
     <span class='ocr_line' id='line_1_28' title="bbox 113 2501 1086 2582; baseline 0.005 -20"><span class='ocrx_word' id='word_1_225' title='bbox 113 2501 229 2563; x_wconf 90' lang='lat' dir='ltr'>sorium</span> <span class='ocrx_word' id='word_1_226' title='bbox 250 2504 386 2564; x_wconf 91' lang='lat' dir='ltr'>subeam.</span> <span class='ocrx_word' id='word_1_227' title='bbox 424 2505 573 2579; x_wconf 82' lang='lat' dir='ltr'>Quantum</span> <span class='ocrx_word' id='word_1_228' title='bbox 590 2504 680 2566; x_wconf 91' lang='lat' dir='ltr'>nobis</span> <span class='ocrx_word' id='word_1_229' title='bbox 696 2513 847 2580; x_wconf 88' lang='lat' dir='ltr'>praestat,</span> <span class='ocrx_word' id='word_1_230' title='bbox 869 2509 920 2582; x_wconf 89' lang='lat' dir='ltr'>qui</span> <span class='ocrx_word' id='word_1_231' title='bbox 937 2510 1086 2570; x_wconf 88' lang='lat' dir='ltr'>tabentem</span> 
     </span>
     <span class='ocr_line' id='line_1_29' title="bbox 112 2587 1085 2665; baseline 0.007 -20"><span class='ocrx_word' id='word_1_232' title='bbox 112 2587 234 2647; x_wconf 93' lang='lat' dir='ltr'>domum</span> <span class='ocrx_word' id='word_1_233' title='bbox 257 2588 385 2662; x_wconf 89' lang='lat' dir='ltr'>suscipit</span> <span class='ocrx_word' id='word_1_234' title='bbox 405 2598 435 2649; x_wconf 89' lang='lat' dir='ltr'>et</span> <span class='ocrx_word' id='word_1_235' title='bbox 452 2596 591 2665; x_wconf 82' lang='lat' dir='ltr'>agentem</span> <span class='ocrx_word' id='word_1_236' title='bbox 607 2605 646 2649; x_wconf 89' lang='lat' dir='ltr'>ex</span> <span class='ocrx_word' id='word_1_237' title='bbox 661 2589 720 2649; x_wconf 93' lang='lat' dir='ltr'>imo</span> <span class='ocrx_word' id='word_1_238' title='bbox 735 2589 828 2650; x_wconf 88' lang='lat' dir='ltr'>rimas</span> <span class='ocrx_word' id='word_1_239' title='bbox 844 2591 975 2652; x_wconf 87' lang='lat' dir='ltr'>insulam</span> <span class='ocrx_word' id='word_1_240' title='bbox 990 2593 1085 2652; x_wconf 90' lang='lat' dir='ltr'>incre·</span> 
     </span>
     <span class='ocr_line' id='line_1_30' title="bbox 113 2671 1086 2759; baseline 0.006 -31"><span class='ocrx_word' id='word_1_241' title='bbox 113 2671 196 2731; x_wconf 90' lang='lat' dir='ltr'>dibiii</span> <span class='ocrx_word' id='word_1_242' title='bbox 217 2681 281 2733; x_wconf 90' lang='lat' dir='ltr'>arte</span> <span class='ocrx_word' id='word_1_243' title='bbox 302 2673 483 2746; x_wconf 72' lang='lat' dir='ltr'>suspendite</span> <span class='ocrx_word' id='word_1_244' title='bbox 511 2680 595 2733; x_wconf 91' lang='lat' dir='ltr'>certo</span> <span class='ocrx_word' id='word_1_245' title='bbox 617 2681 716 2733; x_wconf 88' lang='lat' dir='ltr'>tamen</span> <span class='ocrx_word' id='word_1_246' title='bbox 738 2682 769 2733; x_wconf 90' lang='lat' dir='ltr'>et</span> <span class='ocrx_word' id='word_1_247' title='bbox 788 2674 846 2759; x_wconf 71' lang='lat' dir='ltr'>tevi</span> <span class='ocrx_word' id='word_1_248' title='bbox 863 2676 960 2749; x_wconf 89' lang='lat' dir='ltr'>pretio</span> <span class='ocrx_word' id='word_1_249' title='bbox 977 2677 1086 2737; x_wconf 81' lang='lat' dir='ltr'>fultura</span> 
     </span>
    </p>

    <p class='ocr_par' dir='ltr' id='par_1_4' title="bbox 82 2755 1083 3080">
     <span class='ocr_line' id='line_1_31' title="bbox 82 2755 1083 2821; baseline 0.001 -3"><span class='ocrx_word' id='word_1_250' title='bbox 82 2755 301 2818; x_wconf 73' lang='lat' dir='ltr'>Sconducitur.</span> <span class='ocrx_word' id='word_1_251' title='bbox 336 2755 441 2816; x_wconf 87' lang='lat' dir='ltr'>Murus</span> <span class='ocrx_word' id='word_1_252' title='bbox 464 2773 521 2817; x_wconf 93' lang='lat' dir='ltr'>nos</span> <span class='ocrx_word' id='word_1_253' title='bbox 537 2757 575 2816; x_wconf 90' lang='lat' dir='ltr'>ab</span> <span class='ocrx_word' id='word_1_254' title='bbox 591 2756 731 2817; x_wconf 88' lang='lat' dir='ltr'>hostibus</span> <span class='ocrx_word' id='word_1_255' title='bbox 746 2762 827 2817; x_wconf 90' lang='lat' dir='ltr'>tutos</span> <span class='ocrx_word' id='word_1_256' title='bbox 843 2767 873 2818; x_wconf 88' lang='lat' dir='ltr'>et</span> <span class='ocrx_word' id='word_1_257' title='bbox 886 2775 905 2818; x_wconf 90' lang='lat' dir='ltr'>a</span> <span class='ocrx_word' id='word_1_258' title='bbox 919 2759 1030 2821; x_wconf 91' lang='lat' dir='ltr'>subitis</span> <span class='ocrx_word' id='word_1_259' title='bbox 1045 2761 1083 2820; x_wconf 88' lang='lat' dir='ltr'>la·</span> 
     </span>
     <span class='ocr_line' id='line_1_32' title="bbox 111 2839 1083 2914; baseline 0.009 -18"><span class='ocrx_word' id='word_1_260' title='bbox 111 2844 231 2897; x_wconf 91' lang='lat' dir='ltr'>tronum</span> <span class='ocrx_word' id='word_1_261' title='bbox 247 2839 473 2900; x_wconf 89' lang='lat' dir='ltr'>incursionibus</span> <span class='ocrx_word' id='word_1_262' title='bbox 489 2848 636 2914; x_wconf 84' lang='lat' dir='ltr'>praestat:</span> <span class='ocrx_word' id='word_1_263' title='bbox 658 2847 763 2900; x_wconf 89' lang='lat' dir='ltr'>notum</span> <span class='ocrx_word' id='word_1_264' title='bbox 774 2848 821 2900; x_wconf 91' lang='lat' dir='ltr'>est</span> <span class='ocrx_word' id='word_1_265' title='bbox 834 2848 933 2901; x_wconf 89' lang='lat' dir='ltr'>tamen</span> <span class='ocrx_word' id='word_1_266' title='bbox 946 2843 1014 2904; x_wconf 89' lang='lat' dir='ltr'>iilas</span> <span class='ocrx_word' id='word_1_267' title='bbox 1026 2852 1083 2905; x_wconf 88' lang='lat' dir='ltr'>tur·</span> 
     </span>
     <span class='ocr_line' id='line_1_33' title="bbox 111 2921 1083 2999; baseline 0.008 -21"><span class='ocrx_word' id='word_1_268' title='bbox 111 2935 162 2979; x_wconf 91' lang='lat' dir='ltr'>res</span> <span class='ocrx_word' id='word_1_269' title='bbox 182 2937 239 2995; x_wconf 93' lang='lat' dir='ltr'>pro</span> <span class='ocrx_word' id='word_1_270' title='bbox 262 2921 426 2982; x_wconf 88' lang='lat' dir='ltr'>securitate</span> <span class='ocrx_word' id='word_1_271' title='bbox 447 2924 569 2998; x_wconf 88' lang='lat' dir='ltr'>publica</span> <span class='ocrx_word' id='word_1_272' title='bbox 586 2926 817 2999; x_wconf 83' lang='lat' dir='ltr'>propugnacula</span> <span class='ocrx_word' id='word_1_273' title='bbox 832 2925 989 2988; x_wconf 90' lang='lat' dir='ltr'>habituras</span> <span class='ocrx_word' id='word_1_274' title='bbox 1004 2929 1083 2989; x_wconf 88' lang='lat' dir='ltr'>exci-</span> 
     </span>
     <span class='ocr_line' id='line_1_34' title="bbox 110 3005 698 3080; baseline 0.003 -18"><span class='ocrx_word' id='word_1_275' title='bbox 110 3009 230 3064; x_wconf 88' lang='lat' dir='ltr'>taturus</span> <span class='ocrx_word' id='word_1_276' title='bbox 244 3005 330 3065; x_wconf 82' lang='lat' dir='ltr'>taber</span> <span class='ocrx_word' id='word_1_277' title='bbox 346 3006 420 3080; x_wconf 90' lang='lat' dir='ltr'>quid</span> <span class='ocrx_word' id='word_1_278' title='bbox 434 3007 465 3064; x_wconf 92' lang='lat' dir='ltr'>in</span> <span class='ocrx_word' id='word_1_279' title='bbox 480 3007 559 3066; x_wconf 91' lang='lat' dir='ltr'>diem</span> <span class='ocrx_word' id='word_1_280' title='bbox 575 3016 698 3068; x_wconf 89' lang='lat' dir='ltr'>mereat.</span> 
     </span>
    </p>

    <p class='ocr_par' dir='ltr' id='par_1_5' title="bbox 83 3087 1082 3505">
     <span class='ocr_line' id='line_1_35' title="bbox 83 3087 1082 3170; baseline 0.003 -20"><span class='ocrx_word' id='word_1_281' title='bbox 83 3099 98 3150; x_wconf 94' lang='lat'>1</span> <span class='ocrx_word' id='word_1_282' title='bbox 173 3087 252 3147; x_wconf 85' lang='lat' dir='ltr'>XVI.</span> <span class='ocrx_word' id='word_1_283' title='bbox 285 3089 438 3148; x_wconf 86' lang='lat' dir='ltr'>Infinitum</span> <span class='ocrx_word' id='word_1_284' title='bbox 457 3091 532 3163; x_wconf 90' lang='lat' dir='ltr'>erit,</span> <span class='ocrx_word' id='word_1_285' title='bbox 562 3091 588 3150; x_wconf 93' lang='lat' dir='ltr'>si</span> <span class='ocrx_word' id='word_1_286' title='bbox 613 3089 703 3150; x_wconf 88' lang='lat' dir='ltr'>iatius</span> <span class='ocrx_word' id='word_1_287' title='bbox 729 3094 870 3167; x_wconf 88' lang='lat' dir='ltr'>exempla</span> <span class='ocrx_word' id='word_1_288' title='bbox 895 3095 1082 3170; x_wconf 87' lang='lat' dir='ltr'>conquiram,</span> 
     </span>
     <span class='ocr_line' id='line_1_36' title="bbox 113 3169 1082 3254; baseline 0.007 -25"><span class='ocrx_word' id='word_1_289' title='bbox 113 3169 223 3243; x_wconf 92' lang='lat' dir='ltr'>quibus</span> <span class='ocrx_word' id='word_1_290' title='bbox 251 3171 398 3245; x_wconf 87' lang='lat' dir='ltr'>adpareat</span> <span class='ocrx_word' id='word_1_291' title='bbox 423 3189 519 3246; x_wconf 87' lang='lat' dir='ltr'>parvo</span> <span class='ocrx_word' id='word_1_292' title='bbox 551 3190 660 3248; x_wconf 82' lang='lat' dir='ltr'>magna</span> <span class='ocrx_word' id='word_1_293' title='bbox 691 3183 842 3235; x_wconf 87' lang='lat' dir='ltr'>constare.</span> <span class='ocrx_word' id='word_1_294' title='bbox 884 3177 963 3251; x_wconf 79' lang='lat' dir='ltr'>Quid</span> <span class='ocrx_word' id='word_1_295' title='bbox 991 3184 1082 3254; x_wconf 64' lang='lat' dir='ltr'>ergo?</span> 
     </span>
     <span class='ocr_line' id='line_1_37' title="bbox 112 3255 1082 3334; baseline 0.009 -23"><span class='ocrx_word' id='word_1_296' title='bbox 112 3270 207 3328; x_wconf 89' lang='lat' dir='ltr'>quare</span> <span class='ocrx_word' id='word_1_297' title='bbox 229 3262 258 3314; x_wconf 92' lang='lat' dir='ltr'>et</span> <span class='ocrx_word' id='word_1_298' title='bbox 272 3255 391 3314; x_wconf 88' lang='lat' dir='ltr'>medico</span> <span class='ocrx_word' id='word_1_299' title='bbox 407 3263 437 3315; x_wconf 91' lang='lat' dir='ltr'>et</span> <span class='ocrx_word' id='word_1_300' title='bbox 450 3259 644 3331; x_wconf 88' lang='lat' dir='ltr'>praeceptori</span> <span class='ocrx_word' id='word_1_301' title='bbox 665 3259 734 3332; x_wconf 86' lang='lat' dir='ltr'>plus</span> <span class='ocrx_word' id='word_1_302' title='bbox 751 3259 897 3334; x_wconf 90' lang='lat' dir='ltr'>quiddam</span> <span class='ocrx_word' id='word_1_303' title='bbox 912 3262 1011 3322; x_wconf 90' lang='lat' dir='ltr'>debeo</span> <span class='ocrx_word' id='word_1_304' title='bbox 1029 3277 1082 3321; x_wconf 92' lang='lat' dir='ltr'>nec</span> 
     </span>
     <span class='ocr_line' id='line_1_38' title="bbox 111 3336 1081 3416; baseline 0.009 -21"><span class='ocrx_word' id='word_1_305' title='bbox 111 3336 261 3398; x_wconf 88' lang='lat' dir='ltr'>adversus</span> <span class='ocrx_word' id='word_1_306' title='bbox 283 3338 352 3398; x_wconf 88' lang='lat' dir='ltr'>ilios</span> <span class='ocrx_word' id='word_1_307' title='bbox 373 3341 516 3399; x_wconf 88' lang='lat' dir='ltr'>mercede</span> <span class='ocrx_word' id='word_1_308' title='bbox 536 3341 707 3415; x_wconf 73' lang='lat' dir='ltr'>defungor?</span> <span class='ocrx_word' id='word_1_309' title='bbox 743 3342 819 3416; x_wconf 82' lang='lat' dir='ltr'>Quia</span> <span class='ocrx_word' id='word_1_310' title='bbox 843 3358 883 3403; x_wconf 87' lang='lat' dir='ltr'>ex</span> <span class='ocrx_word' id='word_1_311' title='bbox 906 3346 1027 3406; x_wconf 90' lang='lat' dir='ltr'>medico</span> <span class='ocrx_word' id='word_1_312' title='bbox 1048 3361 1081 3405; x_wconf 89' lang='lat' dir='ltr'>ac</span> 
     </span>
     <span class='ocr_line' id='line_1_39' title="bbox 111 3423 1081 3505; baseline 0.01 -27"><span class='ocrx_word' id='word_1_313' title='bbox 111 3429 311 3498; x_wconf 87' lang='lat' dir='ltr'>praeceptore</span> <span class='ocrx_word' id='word_1_314' title='bbox 333 3423 363 3482; x_wconf 92' lang='lat' dir='ltr'>in</span> <span class='ocrx_word' id='word_1_315' title='bbox 385 3423 514 3484; x_wconf 86' lang='lat' dir='ltr'>amicum</span> <span class='ocrx_word' id='word_1_316' title='bbox 534 3432 692 3485; x_wconf 87' lang='lat' dir='ltr'>transeunt</span> <span class='ocrx_word' id='word_1_317' title='bbox 712 3434 742 3486; x_wconf 91' lang='lat' dir='ltr'>et</span> <span class='ocrx_word' id='word_1_318' title='bbox 761 3442 819 3487; x_wconf 87' lang='lat' dir='ltr'>uos</span> <span class='ocrx_word' id='word_1_319' title='bbox 835 3443 896 3488; x_wconf 90' lang='lat' dir='ltr'>non</span> <span class='ocrx_word' id='word_1_320' title='bbox 912 3435 978 3489; x_wconf 88' lang='lat' dir='ltr'>arte</span> <span class='ocrx_word' id='word_1_321' title='bbox 993 3445 1081 3505; x_wconf 92' lang='lat' dir='ltr'>quam</span> 
     </span>
    </p>
   </div>
   <div class='ocr_carea' id='block_1_4' title="bbox 0 0 1186 3840">
    <p class='ocr_par' dir='ltr' id='par_1_6' title="bbox 0 0 1186 3840">
     <span class='ocr_line' id='line_1_40' title="bbox 0 0 1186 3840; baseline 0 0"><span class='ocrx_word' id='word_1_322' title='bbox 0 0 1186 3840; x_wconf 95' lang='lat' dir='ltr'> </span> 
     </span>
    </p>
   </div>
  </div>
 </body>
</html>
