2364 3840
154 160 196 224 96
383 162 389 169 ’
442 160 475 218 L.
497 157 643 218 ANNAEl
666 157 841 219 SENECAE

122 328 140 384 a
212 313 364 374 Dicitur
389 328 495 372 nemo
521 314 698 386 ingratus
727 327 832 372 esse:
860 311 893 370 id
910 311 956 371 sic
971 310 1130 387 colligitur.

151 399 357 474 „Beneficium
372 397 513 472 estquod
532 397 666 470 prodest,
691 396 842 470 prodesse
857 403 958 455 autem
973 412 1068 455 nemo
1082 396 1130 456 ho

151 482 222 542 mini
238 484 318 540 malo
334 488 456 555 potest,
479 488 512 540 ut
526 480 625 538 dicitis
642 479 745 538 Stoici.
782 495 856 553 ergo
869 479 1058 539 beneficium
1074 496 1130 540 non

151 566 263 640 accipit
283 566 396 624 malus:
420 565 529 642 [nullus
544 567 643 637 itaque
656 567 764 634 mulus]
786 563 923 637 ingratus
936 568 995 622 est.
1024 563 1132 623 Etiam-

151 666 231 709 nunc
248 647 430 707 beneficium
447 647 577 705 honesta
591 655 620 706 et
634 646 801 720 probabilis
815 662 866 705 res
882 653 939 706 est.
969 648 1056 721 apud
1073 663 1131 706 ma·

151 735 212 793 lum
231 732 304 792 nulli
322 731 470 790 honestae
488 729 532 788 rei
550 738 602 789 aut
621 729 771 803 probabili
792 732 879 790 locus
900 737 957 788 est.
987 746 1065 804 ergo
1080 745 1132 789 nec

150 816 312 876 beneficio.
337 814 420 887 quod
434 812 460 871 si
473 812 614 886 accipere
630 831 690 873 non
707 821 832 887 polest,
846 829 903 873 nec
917 815 1054 874 reddere
1070 815 1131 889 qui·

124 900 222 959 ldem
235 899 340 957 debet:
363 904 392 956 et
404 897 473 955 ideo
486 913 546 955 non
559 896 593 955 fit
605 897 751 971 ingratus.
774 898 963 970 Etiamnunc,
979 906 1014 958 ut
1025 897 1131 972 dicitis,

152 983 253 1042 bonus
267 982 311 1039 vir
327 980 428 1040 omnia
443 988 525 1039 recte
540 981 620 1040 facit.
644 981 669 1040 si
685 981 787 1041 omnia
798 990 881 1040 recte
892 982 980 1054 facit,
996 982 1131 1056 ingratus

152 1081 296 1126 essenon
312 1072 423 1140 potest.
453 1063 559 1124 Bonus
572 1064 754 1125 beneficium
765 1066 879 1137 reddit,
895 1066 997 1126 malus
1009 1082 1075 1126 non
1086 1082 1131 1126 ac·

153 1150 235 1224 cipit.
265 1150 348 1224 quod
363 1149 390 1208 si
405 1156 469 1222 est,
491 1163 548 1207 nec
564 1149 664 1209 bonus
677 1150 840 1224 quisquam
856 1148 996 1223 ingratus
1013 1158 1063 1210 cst
1079 1165 1131 1209 nec

123 1236 265 1305 smalus:
289 1234 330 1292 ita
344 1234 481 1307 ingratus
496 1234 525 1291 in
541 1248 643 1292 rerum
658 1240 766 1292 natura
782 1241 829 1293 est
843 1238 964 1293 nemo.“
995 1235 1045 1293 At
1064 1234 1131 1295 hoc

152 1319 276 1377 inane.
311 1318 411 1378 Unum
427 1323 474 1375 est
488 1316 571 1390 apud
588 1333 645 1376 nos
661 1317 789 1391 bonurn,
810 1317 985 1377 honestum.
1017 1319 1052 1378 id
1068 1333 1130 1394 per·

152 1403 256 1460 venire
271 1401 309 1460 ad
326 1401 438 1459 malum
450 1417 510 1458 non
527 1408 639 1473 potest.
663 1401 783 1461 desinet
797 1402 875 1460 enim
891 1402 991 1462 malus
1003 1418 1094 1476 esse,
1109 1402 1130 1462 si

152 1486 191 1544 ad
203 1486 285 1543 illum
296 1485 390 1542 virtus
403 1482 568 1543 intraverit.
593 1484 739 1558 quamdiu
750 1494 850 1545 autem
862 1487 961 1545 malus
974 1494 1032 1560 est,
1045 1501 1130 1546 nemo

151 1569 192 1627 illi
209 1569 283 1627 dare
293 1567 476 1625 beneficium
490 1575 606 1640 potest,
622 1568 694 1641 quia
704 1569 787 1628 bona
797 1571 937 1643 malaque
949 1570 1131 1630 dissentiunt

151 1653 253 1711 necin
269 1667 361 1710 unum
379 1659 474 1709 euntz·
486 1651 555 1710 ideo
571 1666 660 1710 nemo
676 1651 718 1711 illi
732 1653 874 1728 prodest,
898 1653 972 1727 quia
986 1653 1131 1730 quicquid

122 1746 140 1801 ε
153 1735 191 1793 ad
204 1735 286 1792 illurn
298 1734 450 1808 pervenit,
466 1735 498 1793 id
511 1751 606 1808 pravo
618 1751 678 1794 usu
691 1738 903 1810 corrumpitur.
929 1736 1129 1809 Quemadmo

153 1818 223 1877 dum
247 1817 423 1877 stomachus
445 1818 552 1878 morbo
574 1819 696 1878 vitiatus
714 1829 744 1879 et
761 1819 909 1894 colligens
924 1820 1034 1896 bilem,
1060 1837 1130 1896 quo

153 1917 302 1978 suumque
322 1903 442 1976 accepit
463 1903 549 1963 cibos
567 1911 663 1962 mutat
678 1912 707 1963 ct
723 1920 812 1962 omne
826 1905 1002 1964 alimentum
1016 1905 1049 1964 in
1065 1921 1130 1965 cau-

153 2003 218 2047 sam
233 1986 349 2046 doloris
366 1987 467 2059 trahit,
491 1989 532 2046 ita
549 1989 667 2046 animus
685 2004 811 2060 caecuS,
831 1989 978 2064 quicquid
993 1989 1037 2048 illi
1053 2006 1130 2050 conr-

152 2071 289 2141 miseris,
311 2070 342 2129 id
364 2086 442 2129 onus
458 2087 547 2130 suum
563 2078 592 2131 et
606 2071 772 2145 perniciem
788 2080 817 2132 et
832 2071 1032 2133 occasionem
1043 2074 1131 2133 mise·

151 2154 215 2212 riae
232 2153 312 2210 facit.
340 2152 523 2211 felicissimis
534 2155 636 2229 itaque
651 2155 954 2230 opulentissimisque
970 2157 1131 2232 plurimum

153 2242 256 2294 aestus
283 2235 389 2294 subest
408 2234 571 2311 minusque
592 2253 626 2296 se
647 2239 817 2311 inveniunt,
845 2256 905 2314 quo
931 2242 961 2299 in
986 2242 1132 2301 maiorem

122 2319 307 2384 amalerium
323 2317 503 2394 inciderunt,
520 2337 582 2395 qua
593 2321 822 2383 fluctuarentur.
850 2324 932 2398 Ergo
944 2323 1019 2384 nihil
1034 2330 1133 2400 potest

152 2403 193 2461 ad
208 2403 305 2462 malos
322 2403 496 2477 pervenire,
518 2406 602 2479 quod
617 2407 729 2480 prosit,
752 2407 842 2468 immo
857 2407 944 2481 nihil,
970 2410 1058 2482 quod
1073 2424 1132 2468 non

151 2495 271 2546 noceat.
308 2502 521 2562 quaecumque
542 2489 621 2547 enim
643 2489 702 2549 illis
720 2490 923 2565 contigerunt,
947 2490 1132 2553 intraturam

152 2588 239 2630 suam
259 2579 378 2631 vertunt
393 2580 423 2631 et
443 2579 529 2632 extra
550 2573 693 2646 speciosa
715 2575 950 2655 profuturaque,
972 2577 1000 2634 si
1015 2574 1132 2636 meliori

152 2656 309 2728 darentur,
333 2656 391 2714 illis
413 2655 559 2730 pestilera
582 2665 662 2716 sunt.
698 2656 768 2717 ideo
785 2674 843 2717 nec
859 2658 1044 2719 beneficium
1060 2661 1132 2719 dare

151 2747 297 2812 possunt,
324 2740 467 2812 quoniam
491 2756 579 2800 nemo
602 2748 718 2815 potest,
742 2742 825 2817 quod
841 2758 902 2802 non
918 2742 1025 2816 habet,
1049 2744 1131 2803 dure.

153 2821 213 2896 [hic
228 2821 439 2882 benefaciendi
455 2825 611 2885 voluntate
626 2832 730 2898 caret]

124 2919 140 2969 1
215 2903 292 2961 Xlll.
316 2903 377 2963 Sed
394 2907 533 2980 quamvis
545 2908 622 2968 haec
633 2910 674 2968 ita
686 2907 759 2982 sint,
777 2910 919 2985 accipere
930 2909 1022 2970 etiam
1034 2912 1132 2970 malus

153 2994 253 3046 tamen
263 2988 413 3060 quaedam
428 2998 536 3064 potest,
554 3008 632 3066 quae
644 2992 801 3054 beneficiis
814 2992 923 3053 similia
935 2994 1004 3066 sint,
1019 2994 1132 3071 quibus

153 3087 214 3135 non
227 3070 355 3130 redditis
367 3072 504 3146 ingratus
516 3076 580 3134 erit.
605 3075 682 3136 Sunt
692 3075 783 3136 animi
794 3079 885 3150 bona,
899 3084 971 3137 sunt
981 3079 1133 3154 corporis,

153 3162 223 3213 sunt
234 3155 389 3213 fortunae:
412 3157 462 3215 illa
472 3159 563 3217 animi
577 3158 659 3219 bona
670 3177 689 3219 a
700 3162 791 3221 stulto
804 3177 841 3220 ac
852 3161 932 3222 malo
946 3162 1132 3241 submouen-

152 3246 209 3297 tur.
241 3237 278 3296 ad
294 3237 371 3297 haec
387 3239 565 3313 admittitur,
585 3259 664 3317 quae
679 3251 710 3303 et
723 3245 865 3319 accipere
880 3252 982 3320 potest
997 3255 1027 3306 et
1043 3248 1134 3307 debet

152 3321 291 3394 reddere,
308 3328 346 3396 et,
363 3321 389 3381 si
402 3339 461 3383 non
474 3325 587 3399 reddit,
603 3327 740 3402 ingratus
753 3335 809 3392 est.
833 3345 891 3390 nec
902 3331 962 3390 hoc
975 3345 1015 3388 ex
1027 3339 1134 3392 nostra

153 3412 267 3464 tantum
285 3406 515 3468 constitutione:
541 3409 731 3485 Peripatetici
748 3429 887 3489 quoque,
908 3410 961 3488 qui
980 3413 1133 3476 felicitatis
