2364 3840
262 197 403 256 NATUR.
420 195 583 269 QUAEST.
602 195 674 254 LlB.
687 195 752 254 vll.
774 204 871 256 1—4.
999 195 1062 258 299

80 350 211 411 invecta.
248 348 439 408 Democritus
456 361 598 422 quoquc,
627 345 843 405 subtilissimus
864 347 1059 421 antiquorum

79 433 232 505 omnium,
261 431 413 505 suspicari
434 445 469 489 se
488 430 529 501 ait
545 430 649 504 plures
666 443 737 488 esse
752 429 871 500 stellas,
895 446 975 504 quae
990 446 1059 491 cur-

80 524 161 589 rant,
185 515 240 575 sed
256 531 314 574 nec
329 530 486 573 numerum
500 515 618 573 illarum
636 513 739 587 posuit
754 528 811 572 nec
826 513 963 585 nomina,
983 531 1058 574 non·

79 602 153 660 dum
175 598 398 673 conprehensis
414 598 550 672 quinque
572 595 707 656 siderum
722 597 872 657 cursibus.
909 597 1058 659 Eudoxus

80 685 198 760 primns
213 682 251 742 ab
262 685 407 759 Aegypto
423 681 481 741 hos
497 687 597 740 motus
613 681 642 738 in
655 680 811 739 Graeciam
827 679 986 742 transtulit.
1009 682 1058 743 hic

79 777 182 828 tamen
204 766 243 825 de
263 764 390 824 cometis
412 763 486 823 nihil
506 763 587 823 dicit.
622 780 661 822 ex
681 781 742 839 quo
763 765 892 839 adparet
912 779 951 824 ne
975 767 1059 840 apud

80 851 253 927 Aegyptios
279 849 416 922 quidem,
447 846 559 923 quibus
581 848 677 908 maior
697 848 775 908 coeli
793 863 866 908 cura
881 850 950 922 luit,
979 849 1058 910 hanc

80 943 199 1008 partem
219 933 415 992 elaboratam.
453 931 557 990 Conon
580 941 704 1004 postea,
727 930 857 1006 diligens
880 940 910 992 et
929 932 997 1007 ipse
1013 933 1087 1000 ins

80 1017 218 1091 quisitor,
244 1016 431 1075 delectiones
448 1014 571 1089 quidem
593 1015 668 1074 solis
686 1023 825 1075 servatas
843 1017 881 1076 ab
895 1016 1058 1096 Aegyptiis

81 1101 218 1174 collegit,
242 1099 354 1158 nullam
375 1106 475 1159 autern
490 1099 674 1158 mentionem
690 1099 761 1158 lecit
776 1106 976 1174 cometarum,
997 1119 1058 1162 non

79 1185 368 1260 praetermissurus,
399 1184 425 1242 si
454 1183 528 1257 quid
553 1182 702 1255 explorati
737 1182 820 1255 apud
848 1183 917 1241 illos
944 1200 1058 1259 conpe-

79 1269 182 1328 risset.

142 1352 194 1411 IV.
208 1352 289 1415 ,Duo
312 1356 407 1422 certe,
431 1350 482 1425 qui
499 1350 581 1424 apud
598 1348 768 1409 Chaldaeos
790 1348 947 1410 studuisse
963 1367 998 1409 se
1013 1353 1056 1411 di·
1070 1358 1085 1409 1

81 1441 168 1506 cunt,
191 1434 343 1509 Epigenes
366 1443 396 1494 et
411 1434 594 1508 Apollonius
609 1433 770 1510 Myndius,
793 1433 996 1507 peritissimus
1012 1434 1058 1494 in-

81 1518 309 1593 spiciendorum
325 1519 544 1599 nat[ur]alimn‚
568 1519 644 1576 inter
660 1532 695 1576 se
710 1516 873 1577 dissident:
896 1518 945 1577 hic
958 1527 1058 1578 autem

81 1605 122 1665 ait
143 1610 278 1662 cometas
299 1603 329 1660 in
350 1618 475 1662 numero
498 1604 652 1661 stellarum
670 1600 834 1662 errantium
851 1601 922 1676 poni
937 1619 956 1661 a
971 1602 1045 1662 Chal

81 1687 167 1747 dacis
190 1686 346 1760 tenerique
369 1701 476 1746 cursus
502 1701 617 1745 eorum.
658 1685 853 1758 Epigenes
877 1695 982 1746 contra
1009 1687 1059 1745 ait

81 1770 252 1831 Chaldaeos
274 1768 346 1829 nihil
363 1770 401 1828 de
418 1770 545 1829 cometis
560 1769 674 1828 habere
690 1769 909 1844 conprehensi,
932 1771 989 1831 sed
1004 1770 1058 1828 vi-

81 1853 165 1913 deri
183 1851 277 1913 illos
300 1855 463 1913 accendi
486 1853 639 1912 turbine
663 1851 826 1925 quodam
845 1853 948 1912 atris
968 1870 1058 1912 con·

81 1933 193 1997 citati
223 1945 258 1997 et
286 1936 432 1997 intorti.
473 1936 634 1995 Primum
661 1951 771 2009 ergo,
801 1936 827 1994 si
851 1936 904 1995 tibi
930 1937 1088 2009 videtur,2

82 2019 291 2094 opiniones
314 2019 944 2096 huiusponamnsacrelellanrus.
980 2018 1058 2079 Huic

81 2105 201 2164 videtur
216 2104 375 2178 plurimum
391 2107 498 2165 virium
513 2104 627 2163 habere
639 2103 678 2162 ad
691 2117 798 2161 omnes
812 2103 983 2162 sublimium
995 2118 1057 2162 rno-

80 2194 130 2247 tus
145 2188 234 2246 stella
248 2187 385 2248 Saturni:
407 2189 503 2261 „hacc
519 2204 587 2247 cum
603 2186 740 2261 proxima
754 2188 841 2260 signa
853 2187 940 2247 Marti
951 2189 1060 2263 premit

82 2278 134 2331 aut
156 2270 210 2342 [in]
233 2272 323 2331 lunae
344 2273 483 2331 viciniam
506 2273 612 2334 transit
627 2273 721 2332 autin
736 2271 812 2331 solis
827 2272 932 2332 incidit
946 2272 1058 2344 radios,

82 2362 191 2414 natura
206 2363 333 2416 ventosa
345 2364 374 2415 et
383 2355 492 2430 frigida
504 2355 654 2416 contrabit
665 2356 801 2430 pluribus
813 2356 890 2416 locis
903 2359 974 2414 adra
986 2371 1057 2415 con-

81 2438 256 2512 globatque.
286 2439 397 2498 deinde
418 2440 444 2497 si
467 2439 571 2498 radios
592 2441 667 2499 solis
687 2439 873 2513 adsumpsit,
897 2445 981 2498 tonat
1001 2439 1056 2496 lul-

80 2528 246 2596 paratque:
269 2523 294 2580 si
316 2522 442 2582 Martem
463 2539 587 2597 quoque
609 2523 849 2582 consentientem
869 2520 975 2591 habet,
1001 2521 1059 2581 lul-

81 2606 184 2665 minat.
219 2605 394 2678 Praeterea,
419 2607 530 2681 inquit,
553 2605 642 2665 aliam
658 2604 812 2665 materiam
829 2601 942 2663 habent
961 2603 1088 2667 inimi-3

81 2704 137 2762 na,
157 2689 247 2748 aliam
268 2689 499 2763 fulgurationes.
528 2704 677 2764 aquarum
693 2687 773 2747 enim
788 2695 818 2747 et
832 2686 930 2746 omnis
944 2686 1058 2746 humidi

82 2773 258 2846 evaporatio
282 2774 463 2847 splendores
484 2781 599 2834 tanturn
622 2772 700 2832 coeli
720 2771 793 2831 citra
814 2768 906 2829 ictum
923 2770 1058 2830 minaces

82 2862 198 2916 movet:
226 2856 276 2916 illa
298 2865 397 2916 autern
413 2858 539 2916 calidior
556 2855 729 2930 sicciorquo
745 2861 893 2914 terrarum
907 2854 1058 2915 exhalatio

80 2939 207 3000 fulmina
227 2940 374 3000 extundit.
408 2941 522 3000 Trabes
543 2955 616 2999 vero
633 2946 663 2998 et
682 2940 782 3011 laces,
806 2954 886 3012 quae
900 2939 984 2999 nullo
1001 2936 1059 2997 alio

80 3024 158 3082 inter
172 3040 207 3083 se
222 3040 313 3098 quam
329 3025 535 3098 magnitudine
550 3023 677 3096 distant,
696 3022 755 3081 hoc
770 3022 862 3083 modo
878 3023 969 3083 liunt:
991 3031 1089 3085 camd

80 3106 205 3166 humida
229 3115 412 3182 terrenaque
437 3109 466 3166 in
494 3124 529 3167 se
555 3108 664 3182 globus
692 3106 804 3181 aliquis
834 3108 914 3166 aeris
940 3103 1058 3176 clausit,

81 3205 173 3265 quem
187 3189 337 3250 turbinem
352 3191 496 3265 dicimus,
515 3205 708 3266 quacumque
723 3191 825 3262 fertur,
849 3190 974 3265 praebet
988 3202 1058 3261 spe·

80 3275 158 3333 ciem
179 3274 259 3347 ignis
280 3276 409 3353 extenti,
433 3290 512 3349 quae
532 3282 593 3333 tarn
614 3275 666 3332 diu
682 3274 785 3347 durat,
809 3272 954 3347 quamdiu
976 3287 1059 3329 man-

81 3356 280 3496 sithaeris‘illa
295 3353 457 3432 conplexio
473 3357 588 3417 humidi
602 3356 680 3416 intra
695 3373 729 3417 se
745 3357 920 3430 terrenique
934 3355 1060 3414 multum

81 3454 120 3496 vc
142 3455 208 3499 ens.
