2364 3840
116 189 177 259 118
400 193 433 253 L.
456 193 602 255 ANNAEI
625 192 800 260 SENECAE

88 353 103 409 1
177 344 283 405 XVlli.
309 343 413 404 Platon
430 358 498 402 eum
514 343 626 403 ssuraaea
642 360 721 404 nave
737 346 898 407 transisset
912 362 970 406 nee
984 348 1024 407 ab
1042 349 1091 410 illo

116 427 279 504 quiequam
303 429 431 503 portitor
445 428 616 502 exegisset,
637 427 747 489 honori
761 428 820 490 hoe
833 445 891 491 suo
906 430 1012 491 datum
1028 449 1089 497 cre·

115 513 192 573 dens
208 513 284 573 dixit
299 510 432 587 positum
447 512 487 572 illi
499 527 570 573 esse
582 512 826 586 apudPlatoaem
838 513 984 575 officium.
1008 515 1089 576 dein·

115 597 153 656 de
171 598 361 671 paulopost,
379 611 446 656 eum
459 597 550 656 aliurn
561 603 653 671 atque
664 596 756 657 alium
766 599 862 671 gratis
873 597 982 657 eadem
994 606 1091 660 trans-

113 680 240 740 veheret
260 680 434 751 sedulitate,
458 681 581 753 negavit
600 680 640 738 illi
663 681 721 739 iam
736 681 819 754 apud
833 681 992 743 Platonem
1010 683 1089 758 posi·

84 771 176 824 atum
199 763 343 824 alliciam.
380 764 454 825 Nam
476 771 509 822 ut
528 763 582 823 tihi
603 764 731 824 debeam
748 763 862 839 aliquid
879 781 936 840 pro
952 782 990 828 eo
1009 767 1090 841 quod

114 855 270 922 praestas,
286 846 382 906 debes
397 863 457 906 non
469 855 584 909 tantum
596 847 668 906 mihi
679 855 852 922 praestare,
867 849 925 909 sed
936 856 1089 926 tamquam

114 931 199 990 mihi=
223 946 284 990 non
300 938 390 1005 potes
406 931 445 991 ab
462 931 493 991 id
510 947 694 1007 quemquam
709 932 881 1006 adpellare,
902 935 988 1007 quod
1004 951 1088 1010 spar-

112 1015 159 1088 gis
175 1014 205 1072 in
220 1016 379 1089 populum.
415 1013 495 1090 Quid
506 1023 600 1090 ergo?
621 1016 693 1075 nihil
704 1015 757 1076 tibi
769 1015 930 1077 debebitur
943 1034 1000 1092 pro
1013 1019 1089 1081 hoel

112 1106 267 1173 tamquam
288 1101 326 1160 ab
347 1115 409 1161 uno
431 1100 513 1161 nihil.
544 1116 614 1161 eum
628 1100 770 1161 omnibus
786 1103 902 1161 salvam
919 1093 1006 1177 quod
1024 1119 1089 1163 eum

114 1183 256 1244 omnibus
272 1183 382 1246 debeo.

84 1275 117 1328 l'
175 1267 251 1329 XIX.
274 1269 411 1345 ‚,Negas,
427 1270 539 1344 inquit,
556 1270 649 1328 ullum
660 1268 929 1329 darebenelieium
941 1285 1021 1341 eum,
1039 1270 1087 1344 qui

112 1368 160 1410 me
181 1353 312 1427 gratuita
328 1369 406 1413 nave
423 1369 479 1428 per·
493 1353 604 1411 tlumen
620 1352 734 1411 Padum
750 1354 860 1413 tulitt“
896 1353 992 1427 Nego.
1029 1355 1087 1412 Ali-

114 1440 186 1513 quid
203 1438 277 1499 boni
290 1438 375 1508 iacit,
392 1437 574 1497 beneficium
586 1453 646 1497 non
659 1436 725 1495 date
749 1435 821 1496 laeit
831 1437 913 1497 enim
926 1454 985 1497 sua
996 1453 1089 1498 eausa

113 1530 165 1581 aut
179 1524 283 1597 utique
298 1537 359 1580 non
374 1536 452 1580 mea.
474 1521 514 1579 ad
529 1535 677 1580 summam
691 1535 730 1578 ne
744 1522 813 1595 ipse
829 1521 953 1595 quidem
969 1537 1005 1580 se
1020 1520 1089 1580 mihi

112 1605 295 1665 beneficium
316 1605 430 1664 iudicat
443 1604 532 1673 dare,
556 1604 611 1662 sed
627 1612 679 1663 aut
693 1603 879 1679 reipublicae
895 1614 946 1665 aut
962 1605 1089 1664 viciniae

114 1698 165 1747 aut
186 1688 341 1747 ambitioni
363 1702 438 1748 suae
458 1694 594 1762 praestat
615 1696 645 1747 et
671 1704 727 1762 pro
747 1688 806 1748 hoc
828 1688 911 1749 aliud
934 1689 1087 1763 quoddam

114 1772 309 1832 commodum
332 1780 492 1846 exspectat
515 1787 606 1846 quam
627 1771 711 1846 quod
732 1771 893 1845 asingulis
908 1784 1089 1847 recepturus

85 1863 170 1920 aest.
207 1855 305 1930 ,Quid
327 1862 422 1931 ergo?
449 1856 562 1930 inquit,
590 1856 615 1916 si
637 1855 782 1930 princeps
804 1856 955 1916 civitatem
971 1856 1090 1917 dederit

115 1940 256 2002 omnibus
278 1940 386 2014 Gallis,
410 1942 436 2000 si
458 1939 665 2000 inmunitatem
687 1938 848 2013 Hispanis,
871 1938 944 2000 nihil
961 1940 1021 2001 hoe
1036 1955 1086 1999 no·

115 2026 195 2084 mine
210 2025 321 2100 singuli
337 2024 537 2096 debebuatt“
574 2023 682 2101 Quidni
695 2023 848 2082 debeant?
870 2023 1027 2085 debebunt
1038 2039 1087 2082 aa·

115 2116 175 2167 tem
197 2124 258 2168 non
279 2115 434 2182 tamquam
457 2107 614 2180 proprium
635 2105 832 2178 beneficium,
859 2107 915 2166 sed
938 2115 1089 2182 tamquam

85 2191 227 2265 spubliei
240 2200 366 2264 partem.
395 2190 549 2262 ‚,Nullam,
564 2191 672 2264 inquit,
690 2190 794 2250 habuit
806 2190 1020 2264 cogitationem
1033 2191 1089 2249 mei

113 2273 165 2333 illo
181 2274 328 2347 tempore,
343 2288 403 2347 quo
419 2272 572 2335 universis
590 2273 743 2348 proderat.
765 2273 862 2335 noluit
878 2274 951 2333 mihi
966 2276 1089 2349 proprie

115 2357 268 2417 civitatem
290 2356 365 2415 dare
384 2372 442 2417 nee
462 2355 491 2417 in
515 2372 562 2415 me
583 2357 693 2416 direxit
713 2357 854 2416 animum,
887 2358 928 2418 ita
944 2373 1041 2432 quare
1064 2357 1090 2416 ei

115 2442 259 2514 debeam,
281 2441 332 2516 qui
355 2456 403 2500 me
424 2439 481 2500 sibi
497 2457 557 2500 non
573 2441 743 2512 substituit,
766 2457 836 2502 eum
851 2442 989 2500 lauturus
1008 2448 1090 2503 esset

85 2527 198 2602 equod
210 2525 326 2587 iecitt“
348 2525 488 2597 Primum,
503 2540 572 2584 eum
584 2525 726 2598 cogitavit
738 2524 831 2584 Gallis
843 2525 986 2587 omuibus
1000 2525 1088 2600 prod-

115 2627 200 2682 esse,
220 2617 251 2670 et
263 2610 335 2669 mihi
351 2610 495 2684 cogitavit
508 2609 675 2684 prodesse:
697 2623 779 2668 eram
796 2609 875 2669 enim
886 2609 991 2674 Gallus
1004 2616 1034 2669 et
1044 2622 1089 2666 me

115 2693 234 2756 etiamsi
247 2711 309 2756 non
320 2710 398 2767 mea,
415 2693 537 2768 publiea
547 2701 645 2752 tamen
660 2699 732 2753 nota
743 2691 975 2768 conprehendit.
1001 2693 1088 2753 Dein·

115 2779 154 2837 de
174 2793 232 2851 ego
248 2793 372 2852 quoque
395 2778 512 2837 illinon
529 2785 681 2850 tamquam
697 2777 855 2850 proprium
871 2777 1009 2847 debebo,
1035 2775 1088 2833 sed

114 2870 267 2935 tamquam
286 2876 446 2921 commune
462 2877 581 2921 munus.
615 2865 712 2932 [unus]
729 2875 768 2919 ex
783 2861 914 2935 populo,
938 2876 1000 2920 non
1017 2867 1090 2919 tem

115 2960 206 3019 quarn
222 2961 277 3018 pro
293 2959 342 3004 me
356 2946 489 3017 solvam,
513 2944 569 3004 sed
581 2951 734 3019 tamquam
747 2960 801 3017 pro
815 2944 912 3018 patria
923 2944 1088 3007 conferam.

86 3027 148 3089 aSi
170 3029 239 3102 quis
261 3028 377 3101 patriae
397 3043 484 3086 meae
506 3027 668 3101 pecuniam
688 3027 806 3099 eredat,
836 3044 897 3089 non
919 3028 1021 3089 dicam
1043 3041 1089 3084 me

115 3112 196 3171 illius
211 3111 394 3181 debitorem,
412 3126 469 3170 nee
483 3111 542 3170 hoe
555 3126 608 3170 aes
623 3109 755 3171 alienum
771 3111 939 3185 profitebar
954 3118 1007 3171 aut
1020 3125 1089 3170 ean-

116 3196 238 3255 didatus
254 3202 305 3254 aut
318 3209 400 3255 reus.
433 3195 474 3255 ad
488 3195 712 3257 exsolvendum
726 3203 826 3254 tamen
842 3195 902 3255 hoe
916 3194 1089 3270 portionem

115 3294 213 3338 meam
235 3279 335 3339 dabo:
365 3278 409 3339 sie
431 3277 519 3338 istius
537 3279 687 3350 muneris,
716 3278 800 3353 quod
821 3279 973 3339 universis
994 3278 1089 3350 datur,

115 3362 282 3423 debitorem
306 3378 354 3421 me
380 3377 474 3436 nego,
501 3363 572 3436 quia
591 3362 663 3421 mihi
685 3362 808 3435 quidem
828 3361 926 3435 dedit,
951 3361 1088 3422 sednon

116 3456 241 3522 propter
254 3462 317 3521 me,
336 3446 451 3507 etmihi
468 3446 606 3521 quidem,
629 3445 686 3504 sed
701 3447 844 3506 nesciens
859 3462 897 3506 aa
910 3445 982 3506 mihi
996 3445 1090 3505 daret.
