2364 3840
122 210 183 274 178
408 212 440 270 L.
463 210 609 271 ANNAEI
631 210 808 273 SENECAE

119 367 227 443 relcrt,
244 364 335 439 quale
349 363 388 422 sil
402 362 449 436 id,
466 362 549 438 quod
565 363 748 435 incenditur,
764 372 795 425 el
813 380 906 441 quam
920 365 1094 438 vehemens,

121 466 181 524 quo
198 447 376 506 incenditur.
398 448 530 507 Ventum
543 455 642 506 aulem
655 447 806 523 significat
819 448 974 510 eiusmodi
989 450 1093 526 lapsus

118 530 288 606 etquidem
304 529 342 587 ab
360 546 397 588 ea
412 536 514 603 purte,
530 546 591 604 qua
607 532 746 606 erumpit

88 620 101 672 1
180 614 245 673 XV.
258 614 450 687 „Fulgore
461 628 493 686 s,
507 614 618 688 inquit,
630 614 786 689 quomodo
798 614 882 689 liunt,
896 630 977 690 quos
989 617 1093 677 Graeci

118 700 202 758 sela
222 698 423 771 adpellantl“
443 695 562 769 Multis,
583 704 616 756 ιιι
635 697 733 769 aiunt,
753 698 870 759 modis=
900 707 1007 773 potest
1026 700 1090 761 illos

117 791 277 841 uentorum
295 776 342 838 vis
358 779 466 850 edere,
491 788 593 853 polest
606 780 777 855 superioris
791 782 868 841 coeli
882 781 997 843 lervor.
1026 800 1091 843 nam

119 880 187 924 cum
209 866 268 921 lale
287 862 375 922 lusus
390 862 430 921 sit
445 862 539 936 ignis,
561 864 705 924 inleriora
720 864 903 939 aliquando,
925 866 953 927 si
968 865 1090 927 accendi

118 953 189 1007 sunt
210 946 335 1017 idonea,
356 945 488 1020 corripit.
513 953 614 1021 potest
635 949 790 1007 stellarum
804 955 906 1009 molus
928 964 1024 1010 curau
1037 965 1088 1011 suo

117 1030 251 1089 excitare
272 1026 373 1103 ignem
393 1036 423 1088 el
444 1028 474 1089 in
499 1031 635 1091 subiecta
655 1031 867 1092 transmittere.
890 1032 967 1107 quid
981 1040 1091 1109 porro?

117 1130 177 1174 non
195 1120 297 1188 potest
316 1112 399 1187 lieri,
421 1120 453 1173 ut
467 1130 520 1173 aer
532 1114 593 1173 vim
609 1114 728 1189 igneam
742 1114 887 1189 usquein
902 1116 1030 1177 aethera
1043 1115 1083 1175 cli·

117 1199 183 1269 dat,
205 1211 245 1256 ex
261 1213 321 1272 qua
343 1197 444 1271 fulgor
464 1197 595 1258 ardorva
615 1197 655 1257 sit
673 1199 723 1258 vel
738 1198 844 1259 stallae
858 1196 968 1260 similis
985 1215 1086 1260 exciu-

83 1297 100 1349 a
116 1289 192 1343 sust
218 1281 265 1340 Ex
279 1281 327 1340 his
342 1280 511 1354 fulgoribus
527 1281 678 1357 quaedam
699 1296 851 1356 praeceps
871 1290 961 1357 eunt,
985 1282 1087 1344 eimllia

119 1363 349 1441 prosilientibus
370 1364 475 1423 stellis.
511 1365 662 1439 quaedam
682 1373 765 1425 carto
784 1366 854 1426 loco
870 1371 1088 1440 permanenlel

115 1457 229 1510 tautum
245 1449 322 1507 lucis
339 1448 491 1520 emittunt,
506 1455 540 1507 ut
555 1450 660 1522 uigent
673 1448 815 1509 tenebrae
828 1454 860 1509 ct
873 1448 956 1508 diem
970 1464 1085 1525 reprae-

116 1539 250 1604 sentent,
272 1532 372 1591 donec
393 1540 575 1606 consumpto
596 1532 739 1592 alimento
761 1532 889 1606 primum
912 1532 1087 1594 obscuriora

116 1617 191 1687 sint,
214 1614 325 1673 deinde
346 1612 486 1673 flammae
502 1615 608 1687 modo,
632 1630 711 1688 quae
723 1615 753 1674 in
768 1628 803 1673 se
818 1614 915 1689 cadit,
937 1626 995 1691 per
1012 1613 1086 1676 adsi·

117 1700 208 1757 duam
231 1697 460 1757 diminutionem
476 1698 651 1772 redigantur
667 1700 696 1757 in
712 1698 846 1758 nihilum.
873 1697 922 1757 Ex
936 1696 987 1761 hia
1001 1713 1086 1776 quac

116 1782 185 1840 dam
207 1780 237 1839 in
259 1780 390 1840 nubibus
413 1781 574 1855 adparent,
601 1780 751 1854 quaedam
772 1794 867 1856 supra
881 1782 999 1856 nubes,
1025 1797 1087 1842 cum

116 1880 168 1925 aar
184 1864 306 1939 spissus
320 1864 436 1939 ignem,
460 1881 549 1939 quem
566 1863 693 1940 propior
707 1865 795 1923 terris
813 1863 866 1924 diu
881 1872 1025 1940 paverat,
1040 1880 1088 1925 ua-

82 1969 99 2021 3
115 1965 175 2024 quc
189 1949 219 2009 in
235 1949 338 2009 sidera
351 1949 513 2023 expressit.
534 1949 649 2010 Horum
666 1948 769 2021 aliqua
782 1963 843 2008 non
860 1948 1017 2023 patiuntur
1028 1962 1086 2009 mo·

113 2049 193 2104 ram,
212 2033 268 2091 sed
282 2039 491 2091 transcurrunt
502 2038 554 2091 aut
564 2030 798 2105 exstinguuntur
808 2030 954 2107 subinde,
970 2048 1033 2109 qua
1044 2044 1087 2090 re·

113 2118 262 2175 luxerunt.
284 2114 367 2173 Haec
382 2114 559 2188 fulgores
575 2116 729 2186 dicuntur,
747 2115 818 2188 qulu
831 2114 936 2175 brevia
950 2115 1046 2177 iacias
1056 2112 1086 2173 il

113 2198 211 2257 lorum
224 2203 254 2254 et
265 2195 382 2255 caduca
393 2204 442 2255 ost
452 2212 509 2257 noc
521 2198 587 2257 sinc
598 2198 705 2258 iniuria
717 2197 876 2258 decidens.
899 2212 998 2274 saepe
1014 2198 1087 2259 enim

114 2278 273 2340 fulminum
288 2294 387 2338 noxas
404 2279 572 2339 ediderunt.
601 2281 638 2339 ab
654 2281 702 2340 his
717 2287 796 2340 tecla
809 2296 867 2342 nos
881 2279 1019 2343 vidimus
1031 2279 1087 2341 icta

83 2364 180 2438 4sine
202 2363 343 2435 lulmine,
366 2377 445 2436 quac
465 2367 737 2439 astcroplecta
759 2364 866 2424 Graeci
887 2373 1012 2426 vocant
1051 2365 1088 2423 At

115 2448 226 2522 quibus
250 2445 370 2521 longior
389 2462 475 2506 mora
495 2455 526 2506 et
546 2448 651 2507 lortior
665 2446 743 2521 ignis
758 2454 996 2523 cantorumque
1014 2446 1088 2509 coeli

113 2546 259 2607 sequens,
289 2537 341 2590 aut
356 2529 407 2605 qui
423 2532 566 2606 proprios
581 2546 691 2591 cursus
706 2539 812 2605 agunt,
833 2538 1008 2591 cometas
1021 2548 1042 2591 n
1052 2546 1085 2591 o·

113 2616 185 2676 stri
201 2622 351 2690 putant,
372 2615 414 2673 de
435 2615 576 2689 quibus
592 2613 794 2674 dicendum
809 2621 876 2674 est.
904 2615 1087 2689 Horumge

113 2715 187 2758 ncra
209 2706 281 2758 sunt
303 2699 514 2773 pogoniae,
535 2697 1087 2775 lampadcsetcypariseiacat

113 2783 172 2841 alia
188 2781 303 2856 omnia,
325 2797 453 2858 quorum
474 2780 553 2856 ignis
568 2782 598 2840 in
614 2780 696 2840 exitu
711 2796 839 2855 sparsus
854 2788 911 2845 est.
949 2781 1086 2851 Dubium,

113 2881 151 2923 an
171 2863 248 2924 inler
267 2865 326 2927 hos
344 2872 496 2939 ponantur
519 2866 650 2925 trabes
674 2871 704 2923 et
728 2864 893 2939 pithiao,
918 2880 1003 2941 quac
1022 2876 1086 2923 raro

115 2957 187 3008 sunl
213 2947 289 3007 visa.
321 2951 414 3008 multu
440 2949 519 3008 enim
546 2946 779 3022 conglobatione
803 2946 919 3022 ignium
935 2948 1087 3022 indigent

115 3047 184 3091 cum
205 3032 312 3105 ingens
333 3032 450 3091 illorum
467 3033 550 3092 orbis
563 3033 749 3106 aliquantum
764 3029 903 3091 matutini
917 3028 1085 3107 amplitudi-

83 3129 99 3181 a
116 3130 184 3173 niem
198 3113 273 3175 solis
288 3122 461 3188 exsuperet.
490 3117 571 3176 luter
591 3115 667 3174 haec
688 3130 787 3189 ponas
802 3112 872 3174 licet
885 3122 916 3176 et
932 3114 1018 3191 quod
1033 3114 1083 3173 ire

117 3206 245 3272 quanter
268 3198 297 3257 in
320 3197 454 3257 historiis
474 3199 602 3272 legimus
625 3198 773 3258 coelum
795 3197 936 3259 ardore
957 3199 1082 3264 visum,

117 3283 204 3341 cuius
226 3296 454 3355 nonnumquam
474 3288 535 3340 tam
557 3282 695 3342 sublimis
710 3282 870 3355 urdorcst,
882 3289 916 3341 ut
929 3280 1011 3343 inter
1023 3282 1083 3355 ipsa

116 3365 219 3424 sidera
236 3364 389 3435 videatur,
412 3380 640 3440 nonnumquam
661 3374 720 3425 tam
740 3365 876 3435 humilis,
899 3371 934 3427 ut
955 3364 1084 3440 speciem

115 3449 272 3525 longinqui
284 3449 415 3508 incendii
426 3448 580 3522 praebeat.
604 3448 666 3508 Sub
674 3448 792 3509 Tiberio
801 3446 934 3509 Caesare
945 3448 1082 3511 cohorlet
