2364 3840
159 172 221 236 194
414 226 419 233 .
448 174 480 233 L.
502 173 647 233 ,aarum
671 173 847 233 SENECAE

157 336 208 388 aut
222 328 332 386 salsum
347 334 408 397 est,
433 326 517 399 quod
532 325 570 384 de
585 326 654 399 igne
670 324 800 384 dixistis.
823 333 870 385 est
885 324 965 385 enirn
982 325 1024 385 itii
1037 341 1133 403 aeque

156 427 277 470 sursum
294 411 349 468 iter
365 426 455 483 quam
472 410 646 468 deorsuru.“
679 408 849 483 Utrumque
861 423 969 469 verum
984 424 1058 469 esse
1070 422 1132 485 pot·

156 503 212 554 est.
236 494 313 568 ignis
329 494 407 551 enim
425 502 532 551 natura
547 493 575 550 in
593 492 734 551 verticem
751 490 847 567 surgit
861 500 905 564 et,
927 492 954 553 si
967 492 1041 552 nihii
1053 493 1133 554 ittum

157 577 311 653 prohibet,
328 577 502 647 adscendit,
519 575 597 635 sicut
611 592 693 649 aqua
705 581 811 635 natura
822 575 974 636 defertur=
996 576 1025 637 si
1036 583 1133 637 tamen

156 661 320 736 aliquavis
338 660 484 732 accessit,
508 675 587 733 quae
604 661 684 718 itiam
699 660 728 718 in
746 659 931 719 contrarium
946 657 1132 734 circumage·

156 755 216 819 ret,
239 745 290 803 itio
306 743 484 813 intenditur,
508 744 588 801 unde
604 744 699 801 imbre
714 741 834 801 deiecta
848 750 905 802 est.
941 742 1069 803 Fulmen
1085 760 1131 803 au·

126 837 216 895 atem
241 827 348 886 eadem
376 824 573 892 necessitate,
596 843 656 900 qua
681 826 845 896 excutitur,
868 825 993 887 decidit.
1029 827 1063 886 ln
1088 826 1132 885 his

157 912 278 984 ignibus
300 909 410 968 accidit
431 910 515 983 quod
536 909 710 982 arboribus,
734 925 863 984 quarum
883 910 1044 969 cacumina
1060 908 1132 970 trahi

119 1013 125 1021 ·
157 1002 287 1069 possunt
302 993 356 1064 ita,
378 1000 411 1051 ut
425 1000 535 1053 terram
552 1001 705 1067 spectent,
729 995 756 1052 si
771 1001 876 1055 tenera
891 1001 978 1066 suut,
1002 994 1093 1053 etium
1104 999 1133 1052 ut

157 1078 328 1150 adtingunt,
351 1076 407 1135 sed
424 1093 492 1136 cum
509 1077 698 1151 permiseris,
719 1077 749 1135 in
764 1078 866 1136 iocum
880 1092 971 1136 suum
984 1076 1132 1136 exsilient

157 1163 259 1235 itaque
275 1177 335 1220 uon
351 1167 412 1229 est,
438 1162 520 1234 quod
536 1176 604 1220 eum
620 1167 743 1235 spectes
761 1160 911 1234 cuiusque
931 1161 976 1218 rei
991 1159 1130 1231 habiturn,

128 1246 209 1318 aaut
230 1243 271 1304 iili
293 1261 352 1304 non
377 1260 416 1303 ex
438 1246 592 1305 voluntate
614 1252 670 1303 est.
713 1242 745 1303 Si
762 1243 824 1318 igni
842 1244 999 1317 permittes
1013 1244 1059 1303 ire
1075 1259 1132 1318 quo

159 1329 244 1398 vetit,
269 1331 402 1398 coetum,
425 1329 456 1387 id
478 1336 525 1389 est
546 1327 691 1386 levissimi
713 1328 862 1400 cuiusque
880 1327 987 1387 sedem
1002 1335 1132 1403 repeteb

159 1413 208 1471 ubi
231 1419 279 1472 est
299 1411 430 1487 aliquid,
457 1413 540 1485 quod
560 1426 630 1470 eum
651 1411 738 1470 feriat
752 1418 782 1469 et
799 1410 837 1469 ab
853 1411 960 1485 inpetu
975 1426 1034 1472 suo
1050 1427 1130 1471 aver·

158 1503 215 1568 tat,
239 1497 267 1554 id
285 1512 344 1555 non
362 1502 482 1566 natura,
503 1494 559 1553 sed
576 1494 709 1554 servitus
724 1495 790 1554 cius
805 1494 848 1553 fit.

220 1578 312 1637 XXV.
339 1578 458 1650 „Dicis,
487 1578 606 1651 inquis,
635 1577 733 1636 nubes
754 1579 880 1637 adtritas
901 1578 996 1638 edere
1019 1578 1132 1653 ignemz

159 1678 226 1720 cum
255 1662 315 1720 sint
340 1660 498 1731 humidae,
529 1661 621 1721 immo
643 1662 738 1732 udae,
759 1660 916 1735 quomodo
938 1670 1072 1735 possunt
1091 1661 1129 1734 gi-

158 1759 252 1819 gnere
268 1744 381 1818 ignem,
406 1759 494 1818 quem
507 1761 567 1804 non
580 1746 677 1819 magis
690 1743 852 1804 verisimile
864 1752 912 1804 est
922 1744 991 1805 fleri
1002 1760 1043 1805 ex
1056 1745 1132 1805 nube

159 1844 249 1902 quam
268 1843 306 1886 ex
323 1833 448 1901 aquat“
761 1858 763 1863 ·

131 1915 145 1967 1
220 1911 326 1971 XXVI.
353 1911 400 1971 Ex
420 1911 501 1972 nube
524 1912 667 1972 nascitur.
707 1911 838 1971 Primum
857 1910 887 1969 iu
913 1911 1049 1972 nubibus
1074 1926 1132 1973 aon

159 2012 239 2070 aqua
260 2004 322 2068 est,
343 1997 398 2054 sed
419 2011 472 2054 aer
487 1997 609 2068 spissus
625 1996 664 2054 ad
680 1996 861 2069 gignendam
877 2009 990 2069 aquam
1006 2011 1130 2071 praepa·

158 2088 257 2150 ratus,
279 2080 413 2138 noudum
434 2079 464 2137 iu
480 2079 559 2137 iliam
575 2086 721 2151 mutatuS,
745 2079 801 2137 sed
817 2079 875 2138 iam
892 2094 1010 2152 pronus
1024 2087 1055 2140 et
1068 2094 1131 2138 ver·

158 2178 245 2235 gens.
278 2178 337 2221 non
360 2169 425 2231 est,
447 2162 531 2234 quod
552 2163 707 2237 existimes
728 2177 795 2225 earn
820 2160 904 2237 prius
926 2161 1046 2237 colligi,
1071 2170 1132 2223 turu

130 2243 292 2303 aedundiz
320 2244 409 2302 simut
432 2244 465 2302 fit
486 2252 515 2303 et
535 2231 624 2304 cadit.
663 2244 779 2305 Deinde
795 2246 821 2306 si
837 2260 1026 2313 coricessero
1040 2245 1132 2306 humi·

159 2328 229 2385 dam
250 2342 321 2386 esse
342 2327 452 2385 nubem
475 2328 631 2400 conceptis
654 2329 743 2403 aquis
766 2330 906 2403 plenam,
934 2329 1010 2390 nihii
1035 2339 1132 2391 tamen

159 2411 300 2484 prohibet
316 2411 415 2484 ignem
434 2426 473 2468 cx
488 2411 612 2471 humido
628 2429 752 2487 quoque
767 2411 871 2486 educi,
892 2413 985 2472 immo
1000 2413 1042 2473 ex
1055 2415 1133 2489 ipso,

160 2496 243 2570 quod
255 2495 352 2569 magis
364 2493 490 2566 mireris,
504 2495 640 2555 humore.
657 2497 779 2569 quidam
793 2504 981 2570 negaverunt
991 2497 1024 2557 in
1035 2498 1132 2571 ignem

160 2581 323 2655 quiequam
350 2594 444 2654 posse
472 2580 598 2651 mutari,
629 2579 807 2654 priusquam
833 2587 978 2640 mutatum
1000 2588 1086 2641 esset
1104 2580 1132 2639 in

159 2680 279 2738 aquam.
312 2671 415 2738 potest
434 2679 507 2737 crgo
530 2663 627 2722 nubes
650 2664 748 2735 saiva,
772 2679 862 2738 quam
880 2662 1031 2737 continet,
1053 2679 1132 2739 aqua

159 2747 259 2821 ignem
281 2755 366 2821 parte
387 2748 490 2822 aliqua
511 2748 558 2807 sui
576 2747 720 2819 reddere,
743 2756 775 2807 ut
789 2762 883 2821 saepe
899 2746 959 2806 alia
975 2763 1049 2822 pars
1064 2746 1132 2821 tigni

129 2830 258 2901 tardet,
285 2831 342 2888 alia
364 2832 464 2890 sudat.
503 2830 645 2890 uector
663 2829 749 2902 dico,
769 2847 829 2890 non
844 2829 995 2890 contraria
1009 2830 1132 2891 intersc

158 2913 216 2971 ista
232 2928 302 2971 esse
314 2921 344 2972 et
358 2915 483 2973 atterum
499 2917 592 2975 altero
610 2912 731 2989 perimi,
754 2915 810 2973 sed
827 2914 878 2973 ubi
894 2915 1044 2975 valentior
1057 2914 1133 2990 iguis

160 3011 248 3068 quarn
272 2995 380 3055 humor
400 3005 461 3069 cst,
484 2999 585 3058 vincit.
614 3013 722 3057 rursus
742 3013 809 3055 cum
826 2997 915 3072 copia
929 2997 1069 3058 humoris
1082 3013 1132 3056 cx·

159 3086 298 3152 superat,
325 3086 395 3139 tunc
416 3080 495 3153 ignis
517 3080 583 3140 sine
604 3081 714 3140 effectu
736 3088 791 3140 est.
823 3080 925 3155 itaque
945 3098 1008 3141 nou
1028 3082 1134 3140 ardent

158 3162 294 3221 virentia.
335 3163 439 3222 Retert
461 3179 535 3237 ergo
558 3172 701 3238 quantum
723 3179 821 3239 aquae
842 3166 890 3223 sit.
920 3164 1034 3239 exigua
1054 3163 1130 3224 enim

127 3252 220 3305 tnon
241 3245 363 3304 resistet
384 3261 439 3304 nec
462 3247 520 3304 vim
541 3246 620 3322 ignis
641 3249 784 3322 inpediet.
827 3247 955 3322 quidnit
985 3247 1130 3308 Maiarum

159 3336 332 3388 nostrorum
355 3328 514 3402 memoria,
537 3340 570 3388 ut
589 3330 772 3391 Posidonius
791 3331 928 3404 tradidit,
949 3346 1021 3393 curn
1034 3331 1129 3391 insuia

160 3412 188 3470 in
204 3416 309 3486 Aegeo
325 3412 400 3472 mari
412 3419 564 3486 surgeret,
581 3416 743 3488 spumabat
754 3414 884 3475 interdiu
896 3430 980 3475 mare
991 3423 1023 3477 et
1033 3416 1130 3477 sumus
