<?xml version="1.0" encoding="UTF-8"?>
<!DOCTYPE html PUBLIC "-//W3C//DTD XHTML 1.0 Transitional//EN"
    "http://www.w3.org/TR/xhtml1/DTD/xhtml1-transitional.dtd">
<html xmlns="http://www.w3.org/1999/xhtml" xml:lang="en" lang="en">
 <head>
  <title>
</title>
<meta http-equiv="Content-Type" content="text/html;charset=utf-8" />
  <meta name='ocr-system' content='tesseract 3.04.00' />
  <meta name='ocr-capabilities' content='ocr_page ocr_carea ocr_par ocr_line ocrx_word'/>
</head>
<body>
  <div class='ocr_page' id='page_1' title='image "./lannaeisenecaeo01senegoog_0163.png"; bbox 0 0 2346 3832; ppageno 0'>
   <div class='ocr_carea' id='block_1_1' title="bbox 119 176 788 248">
    <p class='ocr_par' dir='ltr' id='par_1_1' title="bbox 119 176 788 248">
     <span class='ocr_line' id='line_1_1' title="bbox 119 176 788 248; baseline -0.019 0"><span class='ocrx_word' id='word_1_1' title='bbox 119 184 177 248; x_wconf 73' lang='lat'>150</span> <span class='ocrx_word' id='word_1_2' title='bbox 392 180 424 238; x_wconf 90' lang='lat' dir='ltr'>L.</span> <span class='ocrx_word' id='word_1_3' title='bbox 447 177 591 237; x_wconf 80' lang='lat' dir='ltr'><strong>ANNAEl</strong></span> <span class='ocrx_word' id='word_1_4' title='bbox 615 176 788 237; x_wconf 82' lang='lat' dir='ltr'><strong>SENECAE</strong></span> 
     </span>
    </p>
   </div>
   <div class='ocr_carea' id='block_1_2' title="bbox 81 328 1112 3583">
    <p class='ocr_par' dir='ltr' id='par_1_2' title="bbox 116 328 1084 577">
     <span class='ocr_line' id='line_1_2' title="bbox 218 328 969 410; baseline -0.004 -17"><span class='ocrx_word' id='word_1_5' title='bbox 218 335 270 410; x_wconf 80' lang='lat' dir='ltr'>pai</span> <span class='ocrx_word' id='word_1_6' title='bbox 283 331 414 394; x_wconf 78' lang='lat' dir='ltr'><em>candore</em></span> <span class='ocrx_word' id='word_1_7' title='bbox 427 331 506 388; x_wconf 81' lang='lat' dir='ltr'>nives</span> <span class='ocrx_word' id='word_1_8' title='bbox 520 330 678 399; x_wconf 64' lang='lat' dir='ltr'>calcient,</span> <span class='ocrx_word' id='word_1_9' title='bbox 699 328 833 387; x_wconf 79' lang='lat' dir='ltr'><em>cursibus</em></span> <span class='ocrx_word' id='word_1_10' title='bbox 847 344 949 402; x_wconf 85' lang='lat' dir='ltr'>curos,</span> <span class='ocrx_word' id='word_1_11' title='bbox 966 382 969 390; x_wconf 78' lang='grc'><strong><em>,</em></strong></span> 
     </span>
     <span class='ocr_line' id='line_1_3' title="bbox 116 410 1084 495; baseline -0.002 -19"><span class='ocrx_word' id='word_1_12' title='bbox 116 418 198 495; x_wconf 70' lang='lat' dir='ltr'>qum</span> <span class='ocrx_word' id='word_1_13' title='bbox 221 432 281 477; x_wconf 83' lang='lat' dir='ltr'>mm</span> <span class='ocrx_word' id='word_1_14' title='bbox 304 420 421 490; x_wconf 90' lang='lat' dir='ltr'>poterat</span> <span class='ocrx_word' id='word_1_15' title='bbox 435 411 500 470; x_wconf 83' lang='lat' dir='ltr'>lieri</span> <span class='ocrx_word' id='word_1_16' title='bbox 516 410 604 483; x_wconf 86' lang='lat' dir='ltr'>dixit,</span> <span class='ocrx_word' id='word_1_17' title='bbox 623 416 656 469; x_wconf 91' lang='lat' dir='ltr'>ut</span> <span class='ocrx_word' id='word_1_18' title='bbox 671 410 843 470; x_wconf 79' lang='lat' dir='ltr'>crederetur</span> <span class='ocrx_word' id='word_1_19' title='bbox 859 418 1009 486; x_wconf 89' lang='lat' dir='ltr'>quantum</span> <span class='ocrx_word' id='word_1_20' title='bbox 1024 414 1084 488; x_wconf 91' lang='lat' dir='ltr'>plu·</span> 
     </span>
     <span class='ocr_line' id='line_1_4' title="bbox 116 493 577 577; baseline -0.015 -16"><span class='ocrx_word' id='word_1_21' title='bbox 116 512 222 563; x_wconf 81' lang='lat' dir='ltr'>numm</span> <span class='ocrx_word' id='word_1_22' title='bbox 237 508 351 577; x_wconf 71' lang='lat' dir='ltr'>ptmsat.</span> <span class='ocrx_word' id='word_1_23' title='bbox 386 497 422 555; x_wconf 90' lang='lat' dir='ltr'>Et</span> <span class='ocrx_word' id='word_1_24' title='bbox 437 494 488 570; x_wconf 89' lang='lat' dir='ltr'>qui</span> <span class='ocrx_word' id='word_1_25' title='bbox 503 493 577 554; x_wconf 88' lang='lat' dir='ltr'>dixit</span> 
     </span>
    </p>

    <p class='ocr_par' dir='ltr' id='par_1_3' title="bbox 117 578 1086 740">
     <span class='ocr_line' id='line_1_5' title="bbox 219 578 873 653; baseline -0.006 -12"><span class='ocrx_word' id='word_1_26' title='bbox 219 586 265 643; x_wconf 73' lang='lat' dir='ltr'>ais</span> <span class='ocrx_word' id='word_1_27' title='bbox 278 582 440 643; x_wconf 68' lang='lat' dir='ltr'>inmobilior</span> <span class='ocrx_word' id='word_1_28' title='bbox 453 580 593 653; x_wconf 80' lang='lat' dir='ltr'>scopulis,</span> <span class='ocrx_word' id='word_1_29' title='bbox 615 578 765 636; x_wconf 82' lang='lat' dir='ltr'>violentior</span> <span class='ocrx_word' id='word_1_30' title='bbox 777 593 873 651; x_wconf 83' lang='lat' dir='ltr'>omne,</span> 
     </span>
     <span class='ocr_line' id='line_1_6' title="bbox 117 661 1086 740; baseline -0.005 -13"><span class='ocrx_word' id='word_1_31' title='bbox 117 670 226 727; x_wconf 69' lang='lat' dir='ltr'>natant</span> <span class='ocrx_word' id='word_1_32' title='bbox 243 667 301 726; x_wconf 75' lang='lat' dir='ltr'>boa</span> <span class='ocrx_word' id='word_1_33' title='bbox 318 663 439 740; x_wconf 63' lang='lat' dir='ltr'>attidem</span> <span class='ocrx_word' id='word_1_34' title='bbox 454 677 488 721; x_wconf 88' lang='lat' dir='ltr'>se</span> <span class='ocrx_word' id='word_1_35' title='bbox 503 675 718 735; x_wconf 90' lang='lat' dir='ltr'>persuasurum</span> <span class='ocrx_word' id='word_1_36' title='bbox 735 661 864 734; x_wconf 87' lang='lat' dir='ltr'>putavit,</span> <span class='ocrx_word' id='word_1_37' title='bbox 881 662 1017 736; x_wconf 80' lang='lat' dir='ltr'>aliquem</span> <span class='ocrx_word' id='word_1_38' title='bbox 1029 669 1086 722; x_wconf 83' lang='lat' dir='ltr'>tam</span> 
     </span>
    </p>

    <p class='ocr_par' dir='ltr' id='par_1_4' title="bbox 87 743 1112 1064">
     <span class='ocr_line' id='line_1_7' title="bbox 87 743 1112 819; baseline -0.003 -10"><span class='ocrx_word' id='word_1_39' title='bbox 87 752 288 811; x_wconf 62' lang='lat' dir='ltr'>circumitam</span> <span class='ocrx_word' id='word_1_40' title='bbox 300 761 470 819; x_wconf 72' lang='lat' dir='ltr'>essequam</span> <span class='ocrx_word' id='word_1_41' title='bbox 482 745 651 817; x_wconf 88' lang='lat' dir='ltr'>scopulum.</span> <span class='ocrx_word' id='word_1_42' title='bbox 673 743 843 816; x_wconf 79' lang='lat' dir='ltr'><strong>Numquam</strong></span> <span class='ocrx_word' id='word_1_43' title='bbox 855 751 971 804; x_wconf 90' lang='lat' dir='ltr'>tantum</span> <span class='ocrx_word' id='word_1_44' title='bbox 985 751 1087 819; x_wconf 81' lang='lat' dir='ltr'>sperat</span> <span class='ocrx_word' id='word_1_45' title='bbox 1108 808 1112 816; x_wconf 77' lang='grc'><em>,</em></span> 
     </span>
     <span class='ocr_line' id='line_1_8' title="bbox 117 826 1087 911; baseline -0.003 -20"><span class='ocrx_word' id='word_1_46' title='bbox 117 834 285 911; x_wconf 60' lang='lat' dir='ltr'>importante</span> <span class='ocrx_word' id='word_1_47' title='bbox 307 838 449 904; x_wconf 66' lang='lat' dir='ltr'>aptantem</span> <span class='ocrx_word' id='word_1_48' title='bbox 473 828 578 897; x_wconf 86' lang='lat' dir='ltr'>audet,</span> <span class='ocrx_word' id='word_1_49' title='bbox 601 828 656 886; x_wconf 90' lang='lat' dir='ltr'>sed</span> <span class='ocrx_word' id='word_1_50' title='bbox 678 826 865 886; x_wconf 79' lang='lat' dir='ltr'>incredibilia</span> <span class='ocrx_word' id='word_1_51' title='bbox 881 828 1036 899; x_wconf 87' lang='lat' dir='ltr'>adfirmat,</span> <span class='ocrx_word' id='word_1_52' title='bbox 1057 836 1087 888; x_wconf 93' lang='lat' dir='ltr'>ut</span> 
     </span>
     <span class='ocr_line' id='line_1_9' title="bbox 116 910 1087 985; baseline -0.007 -7"><span class='ocrx_word' id='word_1_53' title='bbox 116 918 154 979; x_wconf 66' lang='lat' dir='ltr'>ati</span> <span class='ocrx_word' id='word_1_54' title='bbox 173 914 327 973; x_wconf 64' lang='lat' dir='ltr'>credibilia</span> <span class='ocrx_word' id='word_1_55' title='bbox 349 912 513 985; x_wconf 78' lang='lat' dir='ltr'>perveniat.</span> <span class='ocrx_word' id='word_1_56' title='bbox 559 910 631 969; x_wconf 88' lang='lat' dir='ltr'>Cum</span> <span class='ocrx_word' id='word_1_57' title='bbox 653 910 798 970; x_wconf 86' lang='lat' dir='ltr'>dicimus=</span> <span class='ocrx_word' id='word_1_58' title='bbox 826 911 879 984; x_wconf 91' lang='lat' dir='ltr'>qui</span> <span class='ocrx_word' id='word_1_59' title='bbox 904 911 1087 973; x_wconf 84' lang='lat' dir='ltr'>beneficium</span> 
     </span>
     <span class='ocr_line' id='line_1_10' title="bbox 115 992 1086 1064; baseline -0.005 -5"><span class='ocrx_word' id='word_1_60' title='bbox 115 998 212 1059; x_wconf 60' lang='lat' dir='ltr'>statu.</span> <span class='ocrx_word' id='word_1_61' title='bbox 236 995 445 1064; x_wconf 72' lang='lat' dir='ltr'>obliviscatur,</span> <span class='ocrx_word' id='word_1_62' title='bbox 468 994 526 1052; x_wconf 91' lang='lat' dir='ltr'>hoc</span> <span class='ocrx_word' id='word_1_63' title='bbox 547 992 690 1052; x_wconf 84' lang='lat' dir='ltr'>dicimus=</span> <span class='ocrx_word' id='word_1_64' title='bbox 713 993 818 1053; x_wconf 90' lang='lat' dir='ltr'>similis</span> <span class='ocrx_word' id='word_1_65' title='bbox 840 994 879 1052; x_wconf 92' lang='lat' dir='ltr'>sit</span> <span class='ocrx_word' id='word_1_66' title='bbox 893 993 999 1055; x_wconf 87' lang='lat' dir='ltr'>oblito.</span> <span class='ocrx_word' id='word_1_67' title='bbox 1027 1011 1086 1054; x_wconf 76' lang='lat' dir='ltr'>ma</span> 
     </span>
    </p>

    <p class='ocr_par' dir='ltr' id='par_1_5' title="bbox 86 1077 1087 1723">
     <span class='ocr_line' id='line_1_11' title="bbox 86 1077 1086 1150; baseline -0.002 -11"><span class='ocrx_word' id='word_1_68' title='bbox 86 1082 212 1142; x_wconf 68' lang='lat' dir='ltr'>aratoria</span> <span class='ocrx_word' id='word_1_69' title='bbox 228 1080 292 1139; x_wconf 81' lang='lat' dir='ltr'>rias</span> <span class='ocrx_word' id='word_1_70' title='bbox 314 1095 372 1138; x_wconf 91' lang='lat' dir='ltr'>non</span> <span class='ocrx_word' id='word_1_71' title='bbox 390 1077 537 1150; x_wconf 85' lang='lat' dir='ltr'>adpareat</span> <span class='ocrx_word' id='word_1_72' title='bbox 552 1092 608 1136; x_wconf 91' lang='lat' dir='ltr'>nec</span> <span class='ocrx_word' id='word_1_73' title='bbox 623 1077 763 1136; x_wconf 88' lang='lat' dir='ltr'>incurrat.</span> <span class='ocrx_word' id='word_1_74' title='bbox 803 1077 874 1137; x_wconf 85' lang='lat' dir='ltr'>Cum</span> <span class='ocrx_word' id='word_1_75' title='bbox 890 1077 1020 1138; x_wconf 87' lang='lat' dir='ltr'>dicimus</span> <span class='ocrx_word' id='word_1_76' title='bbox 1036 1079 1086 1137; x_wconf 85' lang='lat' dir='ltr'>be-</span> 
     </span>
     <span class='ocr_line' id='line_1_12' title="bbox 115 1161 1086 1238; baseline -0.002 -15"><span class='ocrx_word' id='word_1_77' title='bbox 115 1164 255 1225; x_wconf 78' lang='lat' dir='ltr'>nallrimn</span> <span class='ocrx_word' id='word_1_78' title='bbox 275 1162 371 1238; x_wconf 90' lang='lat' dir='ltr'>repeti</span> <span class='ocrx_word' id='word_1_79' title='bbox 392 1177 452 1220; x_wconf 92' lang='lat' dir='ltr'>non</span> <span class='ocrx_word' id='word_1_80' title='bbox 474 1166 632 1233; x_wconf 83' lang='lat' dir='ltr'>oportere,</span> <span class='ocrx_word' id='word_1_81' title='bbox 654 1176 716 1220; x_wconf 92' lang='lat' dir='ltr'>non</span> <span class='ocrx_word' id='word_1_82' title='bbox 738 1176 776 1219; x_wconf 88' lang='lat' dir='ltr'>ex</span> <span class='ocrx_word' id='word_1_83' title='bbox 797 1167 859 1220; x_wconf 90' lang='lat' dir='ltr'>toto</span> <span class='ocrx_word' id='word_1_84' title='bbox 875 1161 1086 1236; x_wconf 85' lang='lat' dir='ltr'>repetitionem</span> 
     </span>
     <span class='ocr_line' id='line_1_13' title="bbox 115 1242 1085 1321; baseline -0.004 -12"><span class='ocrx_word' id='word_1_85' title='bbox 115 1251 263 1311; x_wconf 81' lang='lat' dir='ltr'>tollimus:</span> <span class='ocrx_word' id='word_1_86' title='bbox 286 1261 379 1321; x_wconf 88' lang='lat' dir='ltr'>saepe</span> <span class='ocrx_word' id='word_1_87' title='bbox 393 1244 471 1304; x_wconf 91' lang='lat' dir='ltr'>enim</span> <span class='ocrx_word' id='word_1_88' title='bbox 487 1260 566 1316; x_wconf 89' lang='lat' dir='ltr'>opus</span> <span class='ocrx_word' id='word_1_89' title='bbox 582 1251 628 1302; x_wconf 87' lang='lat' dir='ltr'>est</span> <span class='ocrx_word' id='word_1_90' title='bbox 643 1242 729 1303; x_wconf 93' lang='lat' dir='ltr'>malis</span> <span class='ocrx_word' id='word_1_91' title='bbox 745 1251 904 1316; x_wconf 87' lang='lat' dir='ltr'>exactore,</span> <span class='ocrx_word' id='word_1_92' title='bbox 927 1245 1018 1305; x_wconf 91' lang='lat' dir='ltr'>etiam</span> <span class='ocrx_word' id='word_1_93' title='bbox 1033 1247 1085 1305; x_wconf 90' lang='lat' dir='ltr'>bo·</span> 
     </span>
     <span class='ocr_line' id='line_1_14' title="bbox 117 1326 1085 1401; baseline -0.004 -10"><span class='ocrx_word' id='word_1_94' title='bbox 117 1335 163 1392; x_wconf 78' lang='lat' dir='ltr'>uls</span> <span class='ocrx_word' id='word_1_95' title='bbox 186 1330 399 1392; x_wconf 84' lang='lat' dir='ltr'>admonitione.</span> <span class='ocrx_word' id='word_1_96' title='bbox 435 1326 510 1399; x_wconf 78' lang='lat' dir='ltr'>Quid</span> <span class='ocrx_word' id='word_1_97' title='bbox 531 1333 627 1400; x_wconf 72' lang='lat' dir='ltr'>ergo?</span> <span class='ocrx_word' id='word_1_98' title='bbox 649 1327 843 1386; x_wconf 85' lang='lat' dir='ltr'>occasionem</span> <span class='ocrx_word' id='word_1_99' title='bbox 857 1327 1011 1401; x_wconf 83' lang='lat' dir='ltr'>ignoranti</span> <span class='ocrx_word' id='word_1_100' title='bbox 1027 1346 1085 1388; x_wconf 94' lang='lat' dir='ltr'>non</span> 
     </span>
     <span class='ocr_line' id='line_1_15' title="bbox 116 1408 1087 1486; baseline -0.006 -10"><span class='ocrx_word' id='word_1_101' title='bbox 116 1417 295 1476; x_wconf 72' lang='lat' dir='ltr'>ostendatur</span> <span class='ocrx_word' id='word_1_102' title='bbox 328 1410 525 1470; x_wconf 84' lang='lat' dir='ltr'>necessitates</span> <span class='ocrx_word' id='word_1_103' title='bbox 551 1408 592 1467; x_wconf 92' lang='lat' dir='ltr'>illi</span> <span class='ocrx_word' id='word_1_104' title='bbox 614 1425 699 1470; x_wconf 72' lang='lat' dir='ltr'>niteas</span> <span class='ocrx_word' id='word_1_105' title='bbox 720 1425 780 1469; x_wconf 92' lang='lat' dir='ltr'>non</span> <span class='ocrx_word' id='word_1_106' title='bbox 803 1411 963 1485; x_wconf 80' lang='lat' dir='ltr'>detegamc</span> <span class='ocrx_word' id='word_1_107' title='bbox 994 1428 1087 1486; x_wconf 89' lang='lat' dir='ltr'>quare</span> 
     </span>
     <span class='ocr_line' id='line_1_16' title="bbox 117 1492 1085 1558; baseline -0.005 0"><span class='ocrx_word' id='word_1_108' title='bbox 117 1500 254 1558; x_wconf 78' lang='lat' dir='ltr'>ttaseisse</span> <span class='ocrx_word' id='word_1_109' title='bbox 279 1511 313 1555; x_wconf 90' lang='lat' dir='ltr'>se</span> <span class='ocrx_word' id='word_1_110' title='bbox 338 1501 390 1552; x_wconf 88' lang='lat' dir='ltr'>aut</span> <span class='ocrx_word' id='word_1_111' title='bbox 409 1492 567 1551; x_wconf 82' lang='lat' dir='ltr'>mentiatur</span> <span class='ocrx_word' id='word_1_112' title='bbox 591 1499 643 1551; x_wconf 91' lang='lat' dir='ltr'>aut</span> <span class='ocrx_word' id='word_1_113' title='bbox 667 1493 793 1553; x_wconf 74' lang='lat' dir='ltr'>doleat?</span> <span class='ocrx_word' id='word_1_114' title='bbox 825 1494 1011 1555; x_wconf 81' lang='lat' dir='ltr'>Interveniat</span> <span class='ocrx_word' id='word_1_115' title='bbox 1034 1497 1085 1554; x_wconf 87' lang='lat' dir='ltr'>ali-</span> 
     </span>
     <span class='ocr_line' id='line_1_17' title="bbox 116 1575 1087 1657; baseline -0.001 -18"><span class='ocrx_word' id='word_1_116' title='bbox 116 1581 238 1657; x_wconf 72' lang='lat' dir='ltr'>qtttmdo</span> <span class='ocrx_word' id='word_1_117' title='bbox 254 1575 431 1647; x_wconf 88' lang='lat' dir='ltr'>admonitio,</span> <span class='ocrx_word' id='word_1_118' title='bbox 453 1575 509 1634; x_wconf 91' lang='lat' dir='ltr'>sed</span> <span class='ocrx_word' id='word_1_119' title='bbox 526 1577 712 1651; x_wconf 86' lang='lat' dir='ltr'>verecunda,</span> <span class='ocrx_word' id='word_1_120' title='bbox 734 1592 813 1652; x_wconf 88' lang='lat' dir='ltr'>quae</span> <span class='ocrx_word' id='word_1_121' title='bbox 827 1593 888 1637; x_wconf 94' lang='lat' dir='ltr'>non</span> <span class='ocrx_word' id='word_1_122' title='bbox 904 1587 1016 1652; x_wconf 88' lang='lat' dir='ltr'>poscat</span> <span class='ocrx_word' id='word_1_123' title='bbox 1030 1593 1087 1638; x_wconf 89' lang='lat' dir='ltr'>nec</span> 
     </span>
     <span class='ocr_line' id='line_1_18' title="bbox 115 1665 318 1723; baseline -0.03 -1"><span class='ocrx_word' id='word_1_124' title='bbox 115 1667 143 1723; x_wconf 89' lang='lat' dir='ltr'>iu</span> <span class='ocrx_word' id='word_1_125' title='bbox 159 1666 206 1722; x_wconf 89' lang='lat' dir='ltr'>ius</span> <span class='ocrx_word' id='word_1_126' title='bbox 222 1665 318 1718; x_wconf 91' lang='lat' dir='ltr'>vocet.</span> 
     </span>
    </p>

    <p class='ocr_par' dir='ltr' id='par_1_6' title="bbox 90 1740 1089 2072">
     <span class='ocr_line' id='line_1_19' title="bbox 90 1740 1089 1819; baseline 0.004 -19"><span class='ocrx_word' id='word_1_127' title='bbox 90 1752 100 1800; x_wconf 92' lang='lat' dir='ltr'>t</span> <span class='ocrx_word' id='word_1_128' title='bbox 175 1744 279 1803; x_wconf 84' lang='lat' dir='ltr'><strong>XXIV.</strong></span> <span class='ocrx_word' id='word_1_129' title='bbox 302 1740 444 1802; x_wconf 87' lang='lat' dir='ltr'>Socrates</span> <span class='ocrx_word' id='word_1_130' title='bbox 462 1742 567 1801; x_wconf 75' lang='lat' dir='ltr'>altricis</span> <span class='ocrx_word' id='word_1_131' title='bbox 583 1743 789 1814; x_wconf 61' lang='lat' dir='ltr'>audientibus</span> <span class='ocrx_word' id='word_1_132' title='bbox 813 1746 959 1817; x_wconf 65' lang='lat' dir='ltr'>emacem,</span> <span class='ocrx_word' id='word_1_133' title='bbox 981 1745 1089 1819; x_wconf 87' lang='lat' dir='ltr'>inquit,-</span> 
     </span>
     <span class='ocr_line' id='line_1_20' title="bbox 110 1824 1086 1907; baseline -0.001 -19"><span class='ocrx_word' id='word_1_134' title='bbox 110 1831 250 1907; x_wconf 81' lang='lat' dir='ltr'>pollium‚</span> <span class='ocrx_word' id='word_1_135' title='bbox 272 1829 299 1885; x_wconf 83' lang='lat' dir='ltr'>si</span> <span class='ocrx_word' id='word_1_136' title='bbox 311 1842 441 1886; x_wconf 76' lang='lat' dir='ltr'>ttrtmmos</span> <span class='ocrx_word' id='word_1_137' title='bbox 455 1827 601 1886; x_wconf 77' lang='lat' dir='ltr'>baberent.</span> <span class='ocrx_word' id='word_1_138' title='bbox 633 1824 787 1884; x_wconf 90' lang='lat' dir='ltr'>Neminem</span> <span class='ocrx_word' id='word_1_139' title='bbox 801 1827 961 1902; x_wconf 88' lang='lat' dir='ltr'>poposcit,</span> <span class='ocrx_word' id='word_1_140' title='bbox 979 1844 1086 1888; x_wconf 90' lang='lat' dir='ltr'>omnes</span> 
     </span>
     <span class='ocr_line' id='line_1_21' title="bbox 115 1909 1087 1985; baseline -0.001 -14"><span class='ocrx_word' id='word_1_141' title='bbox 115 1911 277 1972; x_wconf 89' lang='lat' dir='ltr'>admonuit.</span> <span class='ocrx_word' id='word_1_142' title='bbox 311 1927 329 1969; x_wconf 86' lang='lat' dir='ltr'>a</span> <span class='ocrx_word' id='word_1_143' title='bbox 349 1926 410 1985; x_wconf 87' lang='lat' dir='ltr'>quo</span> <span class='ocrx_word' id='word_1_144' title='bbox 432 1910 598 1984; x_wconf 87' lang='lat' dir='ltr'>acciperet,</span> <span class='ocrx_word' id='word_1_145' title='bbox 619 1910 748 1968; x_wconf 88' lang='lat' dir='ltr'>ambitus</span> <span class='ocrx_word' id='word_1_146' title='bbox 770 1911 833 1968; x_wconf 86' lang='lat' dir='ltr'>luit.</span> <span class='ocrx_word' id='word_1_147' title='bbox 860 1909 967 1985; x_wconf 91' lang='lat' dir='ltr'>quidni</span> <span class='ocrx_word' id='word_1_148' title='bbox 983 1917 1087 1970; x_wconf 82' lang='lat' dir='ltr'>essett</span> 
     </span>
     <span class='ocr_line' id='line_1_22' title="bbox 114 1992 1086 2072; baseline -0.003 -17"><span class='ocrx_word' id='word_1_149' title='bbox 114 1995 289 2072; x_wconf 87' lang='lat' dir='ltr'>quantulum</span> <span class='ocrx_word' id='word_1_150' title='bbox 305 1994 382 2051; x_wconf 78' lang='lat' dir='ltr'>tunm</span> <span class='ocrx_word' id='word_1_151' title='bbox 399 2002 475 2066; x_wconf 83' lang='lat' dir='ltr'>erat,</span> <span class='ocrx_word' id='word_1_152' title='bbox 493 1994 576 2067; x_wconf 87' lang='lat' dir='ltr'>quod</span> <span class='ocrx_word' id='word_1_153' title='bbox 592 1992 735 2052; x_wconf 89' lang='lat' dir='ltr'>Socrates</span> <span class='ocrx_word' id='word_1_154' title='bbox 750 1992 940 2066; x_wconf 74' lang='lat' dir='ltr'>accipiebat?</span> <span class='ocrx_word' id='word_1_155' title='bbox 964 2000 997 2052; x_wconf 91' lang='lat' dir='ltr'>at</span> <span class='ocrx_word' id='word_1_156' title='bbox 1011 1995 1086 2054; x_wconf 91' lang='lat' dir='ltr'>mul·</span> 
     </span>
    </p>

    <p class='ocr_par' dir='ltr' id='par_1_7' title="bbox 81 2075 1086 2484">
     <span class='ocr_line' id='line_1_23' title="bbox 81 2075 1086 2150; baseline 0 -15"><span class='ocrx_word' id='word_1_157' title='bbox 81 2084 173 2139; x_wconf 71' lang='lat' dir='ltr'>itum</span> <span class='ocrx_word' id='word_1_158' title='bbox 189 2084 252 2136; x_wconf 85' lang='lat' dir='ltr'>erat</span> <span class='ocrx_word' id='word_1_159' title='bbox 267 2092 334 2134; x_wconf 79' lang='lat' dir='ltr'>mun</span> <span class='ocrx_word' id='word_1_160' title='bbox 358 2076 467 2147; x_wconf 89' lang='lat' dir='ltr'>luisse,</span> <span class='ocrx_word' id='word_1_161' title='bbox 491 2092 584 2149; x_wconf 87' lang='lat' dir='ltr'>aquo</span> <span class='ocrx_word' id='word_1_162' title='bbox 602 2075 744 2136; x_wconf 90' lang='lat' dir='ltr'>Socrates</span> <span class='ocrx_word' id='word_1_163' title='bbox 760 2078 922 2150; x_wconf 89' lang='lat' dir='ltr'>acciperet.</span> <span class='ocrx_word' id='word_1_164' title='bbox 958 2077 1038 2136; x_wconf 86' lang='lat' dir='ltr'>Num</span> <span class='ocrx_word' id='word_1_165' title='bbox 1052 2077 1086 2135; x_wconf 93' lang='lat' dir='ltr'>il·</span> 
     </span>
     <span class='ocr_line' id='line_1_24' title="bbox 113 2159 1085 2236; baseline -0.001 -16"><span class='ocrx_word' id='word_1_166' title='bbox 113 2166 159 2222; x_wconf 91' lang='lat' dir='ltr'>los</span> <span class='ocrx_word' id='word_1_167' title='bbox 182 2160 331 2231; x_wconf 83' lang='lat' dir='ltr'>castigare</span> <span class='ocrx_word' id='word_1_168' title='bbox 352 2159 472 2217; x_wconf 91' lang='lat' dir='ltr'>mollius</span> <span class='ocrx_word' id='word_1_169' title='bbox 490 2159 606 2231; x_wconf 71' lang='lat' dir='ltr'>potuita</span> <span class='ocrx_word' id='word_1_170' title='bbox 639 2159 795 2233; x_wconf 84' lang='lat' dir='ltr'>Emisscm,</span> <span class='ocrx_word' id='word_1_171' title='bbox 816 2159 926 2234; x_wconf 88' lang='lat' dir='ltr'>inquit,</span> <span class='ocrx_word' id='word_1_172' title='bbox 948 2164 1085 2236; x_wconf 82' lang='lat' dir='ltr'>pallium,</span> 
     </span>
     <span class='ocr_line' id='line_1_25' title="bbox 112 2240 1085 2318; baseline -0.003 -12"><span class='ocrx_word' id='word_1_173' title='bbox 112 2248 139 2306; x_wconf 85' lang='lat' dir='ltr'>si</span> <span class='ocrx_word' id='word_1_174' title='bbox 150 2258 279 2301; x_wconf 82' lang='lat' dir='ltr'>nummos</span> <span class='ocrx_word' id='word_1_175' title='bbox 289 2241 435 2299; x_wconf 76' lang='lat' dir='ltr'>baberent.</span> <span class='ocrx_word' id='word_1_176' title='bbox 463 2240 535 2300; x_wconf 87' lang='lat' dir='ltr'>Post</span> <span class='ocrx_word' id='word_1_177' title='bbox 545 2241 604 2299; x_wconf 90' lang='lat' dir='ltr'>hoe</span> <span class='ocrx_word' id='word_1_178' title='bbox 618 2241 758 2316; x_wconf 89' lang='lat' dir='ltr'>quisquis</span> <span class='ocrx_word' id='word_1_179' title='bbox 771 2243 999 2318; x_wconf 89' lang='lat' dir='ltr'>properaverit,</span> <span class='ocrx_word' id='word_1_180' title='bbox 1015 2258 1085 2304; x_wconf 91' lang='lat' dir='ltr'>sero</span> 
     </span>
     <span class='ocr_line' id='line_1_26' title="bbox 113 2322 1085 2401; baseline 0.002 -17"><span class='ocrx_word' id='word_1_181' title='bbox 113 2329 172 2385; x_wconf 84' lang='lat' dir='ltr'>‹lut</span> <span class='ocrx_word' id='word_1_182' title='bbox 195 2324 252 2382; x_wconf 89' lang='lat' dir='ltr'>iam</span> <span class='ocrx_word' id='word_1_183' title='bbox 270 2322 387 2383; x_wconf 89' lang='lat' dir='ltr'>Socrati</span> <span class='ocrx_word' id='word_1_184' title='bbox 403 2323 506 2383; x_wconf 90' lang='lat' dir='ltr'>deluit.</span> <span class='ocrx_word' id='word_1_185' title='bbox 539 2324 666 2398; x_wconf 89' lang='lat' dir='ltr'>Propter</span> <span class='ocrx_word' id='word_1_186' title='bbox 681 2324 809 2386; x_wconf 90' lang='lat' dir='ltr'>acerbos</span> <span class='ocrx_word' id='word_1_187' title='bbox 822 2332 984 2386; x_wconf 83' lang='lat' dir='ltr'>exactores</span> <span class='ocrx_word' id='word_1_188' title='bbox 996 2343 1085 2401; x_wconf 89' lang='lat' dir='ltr'>repe-</span> 
     </span>
     <span class='ocr_line' id='line_1_27' title="bbox 114 2406 1062 2484; baseline -0.001 -14"><span class='ocrx_word' id='word_1_189' title='bbox 114 2420 175 2470; x_wconf 84' lang='lat' dir='ltr'>tere</span> <span class='ocrx_word' id='word_1_190' title='bbox 192 2406 400 2482; x_wconf 63' lang='lat' dir='ltr'>prohibemus</span> <span class='ocrx_word' id='word_1_191' title='bbox 419 2424 479 2466; x_wconf 94' lang='lat' dir='ltr'>non</span> <span class='ocrx_word' id='word_1_192' title='bbox 494 2415 527 2467; x_wconf 91' lang='lat' dir='ltr'>ut</span> <span class='ocrx_word' id='word_1_193' title='bbox 541 2424 702 2481; x_wconf 88' lang='lat' dir='ltr'>numquam</span> <span class='ocrx_word' id='word_1_194' title='bbox 719 2409 784 2481; x_wconf 88' lang='lat' dir='ltr'>fiat,</span> <span class='ocrx_word' id='word_1_195' title='bbox 807 2410 862 2469; x_wconf 92' lang='lat' dir='ltr'>sed</span> <span class='ocrx_word' id='word_1_196' title='bbox 878 2417 910 2469; x_wconf 89' lang='lat' dir='ltr'>ut</span> <span class='ocrx_word' id='word_1_197' title='bbox 924 2425 1030 2484; x_wconf 87' lang='lat' dir='ltr'>parce.</span> <span class='ocrx_word' id='word_1_198' title='bbox 1058 2433 1062 2438; x_wconf 53' lang='lat'><strong><em>⁴</em></strong></span> 
     </span>
    </p>

    <p class='ocr_par' dir='ltr' id='par_1_8' title="bbox 85 2489 1083 3068">
     <span class='ocr_line' id='line_1_28' title="bbox 85 2489 1083 2568; baseline -0.002 -18"><span class='ocrx_word' id='word_1_199' title='bbox 85 2504 95 2555; x_wconf 92' lang='lat' dir='ltr'>t</span> <span class='ocrx_word' id='word_1_200' title='bbox 174 2491 265 2550; x_wconf 87' lang='lat' dir='ltr'><strong>XXV.</strong></span> <span class='ocrx_word' id='word_1_201' title='bbox 304 2489 478 2566; x_wconf 78' lang='lat' dir='ltr'>Aristippus</span> <span class='ocrx_word' id='word_1_202' title='bbox 514 2492 677 2565; x_wconf 89' lang='lat' dir='ltr'>aliquando</span> <span class='ocrx_word' id='word_1_203' title='bbox 713 2493 881 2552; x_wconf 87' lang='lat' dir='ltr'>delectatus</span> <span class='ocrx_word' id='word_1_204' title='bbox 911 2501 1083 2568; x_wconf 79' lang='lat' dir='ltr'>unguento:</span> 
     </span>
     <span class='ocr_line' id='line_1_29' title="bbox 111 2573 1083 2650; baseline 0.003 -17"><span class='ocrx_word' id='word_1_205' title='bbox 111 2580 202 2648; x_wconf 78' lang='lat' dir='ltr'>tocie,</span> <span class='ocrx_word' id='word_1_206' title='bbox 224 2573 334 2650; x_wconf 90' lang='lat' dir='ltr'>inquit,</span> <span class='ocrx_word' id='word_1_207' title='bbox 353 2578 414 2636; x_wconf 81' lang='lat' dir='ltr'>istis</span> <span class='ocrx_word' id='word_1_208' title='bbox 428 2575 603 2648; x_wconf 78' lang='lat' dir='ltr'>effeminatis</span> <span class='ocrx_word' id='word_1_209' title='bbox 616 2579 744 2648; x_wconf 79' lang='lat' dir='ltr'>eveniat,</span> <span class='ocrx_word' id='word_1_210' title='bbox 761 2580 812 2649; x_wconf 78' lang='lat' dir='ltr'>pai</span> <span class='ocrx_word' id='word_1_211' title='bbox 823 2592 888 2637; x_wconf 85' lang='lat' dir='ltr'>rem</span> <span class='ocrx_word' id='word_1_212' title='bbox 902 2577 1083 2637; x_wconf 75' lang='lat' dir='ltr'>tumbellam</span> 
     </span>
     <span class='ocr_line' id='line_1_30' title="bbox 111 2658 1082 2735; baseline -0.001 -16"><span class='ocrx_word' id='word_1_213' title='bbox 111 2661 342 2731; x_wconf 83' lang='lat' dir='ltr'>infamaverunt.</span> <span class='ocrx_word' id='word_1_214' title='bbox 374 2660 456 2718; x_wconf 90' lang='lat' dir='ltr'>Idem</span> <span class='ocrx_word' id='word_1_215' title='bbox 472 2659 632 2719; x_wconf 90' lang='lat' dir='ltr'>dicendum</span> <span class='ocrx_word' id='word_1_216' title='bbox 647 2665 708 2718; x_wconf 80' lang='lat' dir='ltr'>est:</span> <span class='ocrx_word' id='word_1_217' title='bbox 732 2661 810 2718; x_wconf 88' lang='lat' dir='ltr'>male</span> <span class='ocrx_word' id='word_1_218' title='bbox 824 2658 890 2720; x_wconf 91' lang='lat' dir='ltr'>istis</span> <span class='ocrx_word' id='word_1_219' title='bbox 902 2660 1043 2735; x_wconf 89' lang='lat' dir='ltr'>inprobis</span> <span class='ocrx_word' id='word_1_220' title='bbox 1055 2669 1082 2719; x_wconf 87' lang='lat' dir='ltr'>et</span> 
     </span>
     <span class='ocr_line' id='line_1_31' title="bbox 113 2743 1082 2817; baseline 0.003 -18"><span class='ocrx_word' id='word_1_221' title='bbox 113 2743 281 2815; x_wconf 76' lang='lat' dir='ltr'>inportunis</span> <span class='ocrx_word' id='word_1_222' title='bbox 306 2743 522 2802; x_wconf 89' lang='lat' dir='ltr'>beneficiorum</span> <span class='ocrx_word' id='word_1_223' title='bbox 548 2759 673 2803; x_wconf 90' lang='lat' dir='ltr'>suorum</span> <span class='ocrx_word' id='word_1_224' title='bbox 698 2743 990 2817; x_wconf 85' lang='lat' dir='ltr'>quadruplatoribus</span> <span class='ocrx_word' id='word_1_225' title='bbox 1013 2759 1082 2802; x_wconf 81' lang='lat' dir='ltr'>eve·</span> 
     </span>
     <span class='ocr_line' id='line_1_32' title="bbox 113 2825 1081 2902; baseline 0.001 -17"><span class='ocrx_word' id='word_1_226' title='bbox 113 2828 186 2893; x_wconf 72' lang='lat' dir='ltr'>tuto,</span> <span class='ocrx_word' id='word_1_227' title='bbox 212 2827 261 2902; x_wconf 73' lang='lat' dir='ltr'>qui</span> <span class='ocrx_word' id='word_1_228' title='bbox 281 2833 342 2885; x_wconf 88' lang='lat' dir='ltr'>tam</span> <span class='ocrx_word' id='word_1_229' title='bbox 361 2827 470 2884; x_wconf 88' lang='lat' dir='ltr'>bellam</span> <span class='ocrx_word' id='word_1_230' title='bbox 491 2842 569 2898; x_wconf 89' lang='lat' dir='ltr'>rem,</span> <span class='ocrx_word' id='word_1_231' title='bbox 597 2825 831 2886; x_wconf 89' lang='lat' dir='ltr'>admonitionem</span> <span class='ocrx_word' id='word_1_232' title='bbox 858 2827 935 2885; x_wconf 88' lang='lat' dir='ltr'>iuter</span> <span class='ocrx_word' id='word_1_233' title='bbox 956 2827 1081 2901; x_wconf 68' lang='lat' dir='ltr'>amicos</span> 
     </span>
     <span class='ocr_line' id='line_1_33' title="bbox 113 2909 1081 2982; baseline 0.001 -13"><span class='ocrx_word' id='word_1_234' title='bbox 113 2911 305 2971; x_wconf 73' lang='lat' dir='ltr'>ataulcrunt.</span> <span class='ocrx_word' id='word_1_235' title='bbox 340 2909 405 2982; x_wconf 79' lang='lat' dir='ltr'>Ego</span> <span class='ocrx_word' id='word_1_236' title='bbox 427 2917 526 2968; x_wconf 87' lang='lat' dir='ltr'>tamen</span> <span class='ocrx_word' id='word_1_237' title='bbox 548 2917 615 2969; x_wconf 90' lang='lat' dir='ltr'>utar</span> <span class='ocrx_word' id='word_1_238' title='bbox 629 2910 688 2968; x_wconf 92' lang='lat' dir='ltr'>boc</span> <span class='ocrx_word' id='word_1_239' title='bbox 702 2910 767 2969; x_wconf 91' lang='lat' dir='ltr'>iure</span> <span class='ocrx_word' id='word_1_240' title='bbox 782 2909 930 2970; x_wconf 90' lang='lat' dir='ltr'>amicitiae</span> <span class='ocrx_word' id='word_1_241' title='bbox 946 2918 976 2970; x_wconf 91' lang='lat' dir='ltr'>et</span> <span class='ocrx_word' id='word_1_242' title='bbox 990 2909 1081 2970; x_wconf 91' lang='lat' dir='ltr'>bene-</span> 
     </span>
     <span class='ocr_line' id='line_1_34' title="bbox 114 2992 1080 3068; baseline -0.003 -13"><span class='ocrx_word' id='word_1_243' title='bbox 114 3006 211 3055; x_wconf 83' lang='lat' dir='ltr'>ttomm</span> <span class='ocrx_word' id='word_1_244' title='bbox 234 2992 271 3053; x_wconf 84' lang='lat' dir='ltr'>ab</span> <span class='ocrx_word' id='word_1_245' title='bbox 293 3006 329 3050; x_wconf 91' lang='lat' dir='ltr'>eo</span> <span class='ocrx_word' id='word_1_246' title='bbox 351 3001 500 3066; x_wconf 87' lang='lat' dir='ltr'>repetam,</span> <span class='ocrx_word' id='word_1_247' title='bbox 526 3009 619 3067; x_wconf 88' lang='lat' dir='ltr'>aquo</span> <span class='ocrx_word' id='word_1_248' title='bbox 642 2995 800 3067; x_wconf 92' lang='lat' dir='ltr'>petissem,</span> <span class='ocrx_word' id='word_1_249' title='bbox 823 2993 874 3068; x_wconf 93' lang='lat' dir='ltr'>qui</span> <span class='ocrx_word' id='word_1_250' title='bbox 890 2995 1015 3054; x_wconf 89' lang='lat' dir='ltr'>alterius</span> <span class='ocrx_word' id='word_1_251' title='bbox 1030 2994 1080 3052; x_wconf 91' lang='lat' dir='ltr'>be·</span> 
     </span>
    </p>

    <p class='ocr_par' dir='ltr' id='par_1_9' title="bbox 85 3077 1080 3237">
     <span class='ocr_line' id='line_1_35' title="bbox 85 3077 1080 3152; baseline 0 -19"><span class='ocrx_word' id='word_1_252' title='bbox 85 3078 210 3141; x_wconf 67' lang='lat' dir='ltr'>sttntlott</span> <span class='ocrx_word' id='word_1_253' title='bbox 234 3078 300 3137; x_wconf 81' lang='lat' dir='ltr'>loro</span> <span class='ocrx_word' id='word_1_254' title='bbox 323 3083 504 3149; x_wconf 87' lang='lat' dir='ltr'>accepturus</span> <span class='ocrx_word' id='word_1_255' title='bbox 520 3082 567 3134; x_wconf 88' lang='lat' dir='ltr'>est</span> <span class='ocrx_word' id='word_1_256' title='bbox 585 3077 723 3150; x_wconf 91' lang='lat' dir='ltr'>potuisse</span> <span class='ocrx_word' id='word_1_257' title='bbox 737 3077 874 3136; x_wconf 88' lang='lat' dir='ltr'>reddere.</span> <span class='ocrx_word' id='word_1_258' title='bbox 910 3077 1080 3152; x_wconf 86' lang='lat' dir='ltr'>Numquam</span> 
     </span>
     <span class='ocr_line' id='line_1_36' title="bbox 115 3158 562 3237; baseline -0.013 -18"><span class='ocrx_word' id='word_1_259' title='bbox 115 3184 151 3221; x_wconf 72' lang='lat' dir='ltr'>na</span> <span class='ocrx_word' id='word_1_260' title='bbox 167 3178 297 3237; x_wconf 55' lang='lat' dir='ltr'>spicuam</span> <span class='ocrx_word' id='word_1_261' title='bbox 314 3158 433 3234; x_wconf 73' lang='lat' dir='ltr'>attidem</span> <span class='ocrx_word' id='word_1_262' title='bbox 450 3159 562 3216; x_wconf 80' lang='lat' dir='ltr'>dicam:</span> 
     </span>
    </p>

    <p class='ocr_par' dir='ltr' id='par_1_10' title="bbox 118 3245 1077 3583">
     <span class='ocr_line' id='line_1_37' title="bbox 513 3245 873 3316; baseline 0.008 -16"><span class='ocrx_word' id='word_1_263' title='bbox 513 3245 633 3301; x_wconf 82' lang='lat' dir='ltr'>eiectum</span> <span class='ocrx_word' id='word_1_264' title='bbox 647 3245 731 3302; x_wconf 78' lang='lat' dir='ltr'>litore</span> <span class='ocrx_word' id='word_1_265' title='bbox 744 3249 873 3316; x_wconf 76' lang='lat' dir='ltr'>coenam</span> 
     </span>
     <span class='ocr_line' id='line_1_38' title="bbox 263 3325 898 3407; baseline -0.003 -20"><span class='ocrx_word' id='word_1_266' title='bbox 263 3328 367 3407; x_wconf 71' lang='lat' dir='ltr'>attrpi</span> <span class='ocrx_word' id='word_1_267' title='bbox 379 3330 408 3387; x_wconf 80' lang='lat' dir='ltr'>rt</span> <span class='ocrx_word' id='word_1_268' title='bbox 422 3326 509 3398; x_wconf 73' lang='lat' dir='ltr'>coppi</span> <span class='ocrx_word' id='word_1_269' title='bbox 521 3325 640 3384; x_wconf 83' lang='lat' dir='ltr'>demens</span> <span class='ocrx_word' id='word_1_270' title='bbox 653 3328 683 3384; x_wconf 85' lang='lat' dir='ltr'>in</span> <span class='ocrx_word' id='word_1_271' title='bbox 692 3336 782 3400; x_wconf 84' lang='lat' dir='ltr'>porte</span> <span class='ocrx_word' id='word_1_272' title='bbox 795 3329 898 3387; x_wconf 84' lang='lat' dir='ltr'>locavi.</span> 
     </span>
     <span class='ocr_line' id='line_1_39' title="bbox 119 3406 1077 3481; baseline -0.011 -1"><span class='ocrx_word' id='word_1_273' title='bbox 119 3424 178 3480; x_wconf 67' lang='lat' dir='ltr'>Xon</span> <span class='ocrx_word' id='word_1_274' title='bbox 195 3428 241 3481; x_wconf 71' lang='lat' dir='ltr'>aa</span> <span class='ocrx_word' id='word_1_275' title='bbox 256 3422 311 3478; x_wconf 55' lang='lat' dir='ltr'>tnta</span> <span class='ocrx_word' id='word_1_276' title='bbox 326 3406 503 3479; x_wconf 86' lang='lat' dir='ltr'>mlttnmitio,</span> <span class='ocrx_word' id='word_1_277' title='bbox 524 3407 696 3465; x_wconf 88' lang='lat' dir='ltr'>convicium</span> <span class='ocrx_word' id='word_1_278' title='bbox 709 3416 765 3467; x_wconf 90' lang='lat' dir='ltr'>est.</span> <span class='ocrx_word' id='word_1_279' title='bbox 794 3409 853 3469; x_wconf 92' lang='lat' dir='ltr'>boc</span> <span class='ocrx_word' id='word_1_280' title='bbox 868 3416 916 3470; x_wconf 89' lang='lat' dir='ltr'>est</span> <span class='ocrx_word' id='word_1_281' title='bbox 931 3411 961 3469; x_wconf 91' lang='lat' dir='ltr'>iu</span> <span class='ocrx_word' id='word_1_282' title='bbox 976 3410 1077 3472; x_wconf 91' lang='lat' dir='ltr'>odium</span> 
     </span>
     <span class='ocr_line' id='line_1_40' title="bbox 118 3489 1077 3583; baseline -0.001 -30"><span class='ocrx_word' id='word_1_283' title='bbox 118 3514 263 3569; x_wconf 44' lang='lat' dir='ltr'>tamtam-,4</span> <span class='ocrx_word' id='word_1_284' title='bbox 283 3496 460 3583; x_wconf 77' lang='lat' dir='ltr'>pcttlttmll.</span> <span class='ocrx_word' id='word_1_285' title='bbox 485 3489 543 3550; x_wconf 89' lang='lat' dir='ltr'>boc</span> <span class='ocrx_word' id='word_1_286' title='bbox 566 3495 613 3546; x_wconf 89' lang='lat' dir='ltr'>est</span> <span class='ocrx_word' id='word_1_287' title='bbox 634 3489 771 3559; x_wconf 82' lang='lat' dir='ltr'>efficere,</span> <span class='ocrx_word' id='word_1_288' title='bbox 797 3499 830 3551; x_wconf 90' lang='lat' dir='ltr'>ut</span> <span class='ocrx_word' id='word_1_289' title='bbox 844 3491 994 3566; x_wconf 77' lang='lat' dir='ltr'>ingratum</span> <span class='ocrx_word' id='word_1_290' title='bbox 1009 3508 1077 3554; x_wconf 91' lang='lat' dir='ltr'>esse</span> 
     </span>
    </p>
   </div>
   <div class='ocr_carea' id='block_1_3' title="bbox 0 0 1178 3832">
    <p class='ocr_par' dir='ltr' id='par_1_11' title="bbox 0 0 1178 3832">
     <span class='ocr_line' id='line_1_41' title="bbox 0 0 1178 3832; baseline 0 0"><span class='ocrx_word' id='word_1_291' title='bbox 0 0 1178 3832; x_wconf 95' lang='lat' dir='ltr'> </span> 
     </span>
    </p>
   </div>
  </div>
 </body>
</html>
