2364 3840
153 179 216 245 114
442 181 475 253 L.
495 179 642 240 ANNAEI
662 179 838 240 SENECAE

154 336 223 394 dem
245 333 311 392 eius
331 331 446 403 habeo,
471 330 526 390 sed
545 330 725 390 beneficium
740 346 801 391 non
818 330 934 403 babeo,
957 333 1045 409 quod
1061 349 1128 394 con·

124 423 285 484 asummat
298 424 329 476 et
343 430 395 474 res
410 422 441 474 et
455 412 585 474 animus.
621 413 884 487 Quemadmodum
898 415 943 487 ei,
966 416 1023 492 qui
1039 419 1130 478 voluit

154 501 225 560 mibi
241 500 365 575 quidem
381 496 541 572 pecuniam
558 497 699 569 credere,
722 497 779 558 scd
794 515 857 559 non
871 499 973 572 dedit,
991 499 1068 561 nibil
1082 503 1128 561 de

153 587 228 656 beo,
250 585 292 645 ita
306 583 348 655 ei,
373 582 424 656 qui
438 583 535 641 voluit
548 580 620 641 mibi
634 580 817 642 beneficium
829 583 918 658 dare,
932 584 991 644 sed
1003 600 1067 645 non
1079 601 1128 660 po·

154 671 224 742 luit,
247 667 363 727 amicus
386 665 509 740 quidem
531 680 600 737 ero,
621 665 754 726 sednon
770 667 938 741 obligatum
959 674 993 728 et
1007 666 1129 729 voloilli

155 752 270 828 aliquid
288 757 462 825 praestare,
483 764 553 807 nam
569 756 599 808 ct
612 748 663 808 illc
674 749 771 811 voluit
784 749 866 810 mibi.
890 758 1026 812 celerum
1041 753 1070 813 si
1082 751 1127 812 be·

39 846 49 859 '
155 836 295 911 nigniore
306 834 427 893 fortuna
439 848 514 892 usus
527 831 718 906 praestitero,
734 833 916 895 beneficium
928 835 1058 908 dedero,
1073 852 1128 896 non

155 920 281 994 gratiam
301 918 442 977 retulero.
473 916 523 975 ille
538 916 610 975 mihi
625 917 751 990 gratiam
767 918 890 980 debebit
903 920 1032 986 relano.
1065 920 1131 979 bine

155 1003 271 1062 initium
287 1001 352 1060 liet:
375 1015 457 1060 ame
472 1008 656 1060 numeratur.

130 1105 144 1156 1
220 1085 282 1145 Xll.
305 1084 452 1159 Intellego
468 1085 543 1158 iam,
560 1084 634 1159 quid
646 1084 722 1144 velis
736 1100 900 1159 quaereres
923 1102 987 1146 non
998 1103 1079 1162 opus
1089 1094 1132 1146 est

157 1181 186 1232 te
207 1170 323 1241 dicere,
352 1173 445 1230 voltus
464 1178 531 1230 tuus
552 1173 690 1244 loquitur.
736 1168 775 1227 Si
803 1169 890 1245 quis
919 1186 990 1231 sua
1015 1186 1130 1231 causa

157 1251 271 1315 nobis
301 1253 463 1328 proluit,
493 1253 594 1323 eine,
623 1253 739 1327 inquis,
768 1253 932 1314 debetur
959 1254 1132 1330 aliquid?

155 1340 216 1400 boc
237 1338 317 1397 enim
337 1352 432 1411 saepe
452 1344 483 1397 te
499 1343 736 1410 conquerentem
751 1337 859 1411 audio,
881 1339 968 1414 quod
983 1339 1129 1413 quaedam

156 1422 296 1484 homines
312 1421 370 1481 sibi
387 1427 558 1495 praestant,
580 1420 647 1478 aliis
664 1421 810 1494 inputant
847 1420 969 1495 Dicam,
992 1423 1035 1481 mi
1048 1421 1129 1482 Libe·

156 1509 244 1567 ralis=
267 1505 323 1565 sed
339 1504 423 1579 prius
439 1503 530 1562 istam
545 1504 807 1577 quaestiunculam
822 1505 958 1565 dividam
969 1510 1131 1566 elremac·

129 1608 250 1667 nquam
264 1590 302 1648 ab
317 1589 422 1662 iniqua
437 1587 598 1662 separabo.
632 1586 757 1648 Multum
777 1587 857 1648 onim
871 1589 1016 1663 interest,
1038 1597 1133 1650 uuum

157 1673 269 1749 aliquis
286 1672 466 1731 beneficium
481 1671 569 1731 nobis
585 1670 637 1730 det
652 1687 709 1731 sua
724 1687 819 1732 causa
829 1686 869 1732 an
880 1680 910 1732 et
921 1689 989 1733 sua.
1020 1672 1132 1748 Illoqui

156 1765 237 1818 totns
252 1756 291 1815 ad
305 1770 341 1814 se
355 1762 476 1830 spectat
489 1762 520 1814 et
533 1755 623 1815 nobis
636 1755 777 1830 prodest,
800 1757 874 1832 quia
885 1757 972 1816 aliter
983 1757 1133 1832 prodesse

158 1842 216 1901 sibi
232 1856 293 1900 non
310 1848 426 1915 potest,
450 1854 487 1900 eo
503 1841 571 1899 loco
588 1839 657 1898 milri
673 1845 735 1910 est,
759 1855 821 1914 quo
837 1838 890 1914 qui
903 1840 1009 1915 pecori
1021 1856 1081 1901 suo
1093 1839 1132 1899 hi·

158 1927 286 1985 bernum
300 1932 330 1984 et
345 1924 493 1984 aestivum
510 1922 655 1998 pabulum
669 1922 828 1998 prospicit.
846 1939 885 1983 eo
900 1924 986 1999 loco,
1005 1941 1071 1998 quo
1084 1921 1134 1998 qui

159 2011 299 2085 captivos
320 2024 410 2081 suos,
432 2015 466 2066 ut
479 2007 669 2066 commodius
684 2014 830 2079 veneant,
854 2005 955 2081 pascit
967 2014 999 2067 et
1015 2010 1135 2083 opimos

157 2094 255 2153 boves
270 2091 441 2166 saginatae
456 2090 593 2150 delricat
615 2107 676 2164 quo
691 2091 815 2165 lanista,
836 2090 889 2166 qui
900 2091 1046 2151 familiam
1057 2107 1133 2152 sum·

158 2192 206 2236 ma
222 2191 296 2235 cura
309 2180 433 2233 exercet
447 2180 540 2246 atquo
555 2182 652 2233 ornat.
688 2175 849 2249 „Multum
864 2181 898 2234 ut
911 2173 952 2234 ait
964 2173 1135 2247 Cleanthes,

159 2277 176 2318 a
190 2255 342 2318 beneficio
358 2256 451 2315 distat
464 2256 659 2330 negotiatio.“

133 2354 145 2405 1
219 2341 297 2400 Xlll.
319 2340 439 2400 Rursus
454 2355 515 2400 non
531 2356 600 2400 sum
613 2349 672 2401 tam
684 2342 822 2416 iniquus,
837 2349 872 2402 ut
881 2340 956 2403 nibil
964 2341 996 2401 ei
1008 2341 1135 2402 debeam

159 2427 227 2502 qui,
250 2440 320 2484 cum
341 2424 413 2484 mihi
427 2425 508 2484 utilis
525 2433 623 2497 esset,
648 2424 703 2485 luit
716 2433 747 2485 et
761 2425 829 2485 sibi.
860 2441 922 2485 non
937 2424 1022 2484 anim
1036 2425 1136 2499 exigo,

158 2518 191 2570 ut
205 2510 272 2570 sine
287 2517 432 2584 respectu
448 2509 497 2568 sui
511 2506 584 2568 mihi
602 2510 757 2582 consulat,
779 2507 871 2568 immo
886 2507 978 2568 etiam
991 2517 1085 2583 opto,
1106 2516 1137 2566 ut

157 2595 340 2655 beneficium
361 2592 434 2653 mibi
453 2593 555 2652 datum
576 2592 627 2651 vel
647 2591 745 2666 magis
760 2592 845 2651 danti
862 2591 1027 2667 prolusi-lt,
1051 2592 1132 2653 dum·

158 2680 250 2739 modo
262 2679 302 2751 id,
316 2679 368 2752 qui
380 2677 480 2752 dabat,
493 2678 573 2737 duos
586 2675 708 2737 intuens
719 2676 838 2735 dederit
849 2682 879 2735 et
888 2675 967 2735 inter
978 2690 1029 2735 me
1041 2688 1136 2750 seque

159 2761 305 2821 diviserit.
326 2762 397 2820 licet
411 2761 443 2819 id
459 2762 527 2836 ipse
544 2776 583 2819 ex
597 2760 712 2821 maiore
727 2767 814 2833 parte
830 2759 1006 2834 possideat,
1030 2759 1057 2819 si
1072 2772 1133 2818 mo

128 2845 198 2907 ado
215 2860 263 2903 me
278 2844 309 2902 in
325 2845 511 2904 consortium
525 2845 662 2914 admisit,
678 2843 704 2903 si
717 2844 796 2904 duos
809 2842 962 2918 cogitavit.
995 2843 1136 2916 ingratus

160 2945 241 3000 sum,
264 2943 325 2986 non
344 2929 444 2986 solum
464 2929 611 3000 iniustus,
635 2927 694 2988 nisi
707 2928 829 3001 gaudeo
845 2926 905 2987 boc
922 2923 967 2985 illi
980 2926 1135 3000 proluisse

160 3011 244 3085 quod
259 3011 406 3084 proderat
420 3009 501 3071 mihi.
524 3027 661 3071 summae
675 3011 868 3085 malignitatis
883 3017 1007 3070 estnon
1023 3022 1137 3069 vocare

158 3093 356 3164 beneficium,
372 3092 432 3154 nisi
447 3095 530 3169 quod
545 3095 667 3155 dantem
682 3095 784 3168 aliquo
803 3093 1000 3154 incommodo
1015 3092 1136 3154 adiecit

159 3178 254 3237 Alteri
275 3175 332 3248 illi,
358 3175 409 3252 qui
432 3178 613 3237 beneficium
634 3179 687 3238 dat
707 3194 764 3238 sua
785 3193 895 3252 causa,
921 3175 1135 3252 respondebor

159 3277 235 3320 usus
257 3275 306 3319 me
328 3276 422 3335 quare
441 3263 544 3335 potius
565 3269 594 3320 te
617 3262 689 3321 mihi
710 3261 866 3336 proluisse
880 3261 966 3321 dices
982 3274 1076 3335 quam
1089 3273 1136 3319 me

130 3345 231 3408 stibii
251 3342 359 3417 ,‚Pnta‚
376 3344 487 3419 inquit,
500 3345 586 3403 aliter
597 3346 662 3405 lieri
675 3361 736 3405 non
748 3360 843 3420 posse
855 3359 904 3404 me
915 3344 1135 3418 magistratum,

161 3445 252 3506 quam
274 3429 300 3488 si
323 3429 429 3488 decem
450 3435 558 3502 captos
580 3430 664 3490 cives
686 3444 724 3488 ex
745 3444 856 3504 magno
872 3424 1066 3504 captivorum
1083 3442 1129 3487 nu·
