2364 3840
280 128 332 187 DE
353 127 565 188 BENEFICIIS
588 130 659 188 LIB.
675 131 726 191 lV.
748 141 880 193 20—22.
1028 130 1068 196 73

85 283 155 341 vult
170 287 285 341 tantum
304 296 362 339 nec
384 280 476 339 habet
490 281 580 340 huius
597 280 760 341 voluntatis
776 300 850 342 suae
865 286 959 343 ullum
974 285 1065 344 alium

89 381 180 440 quam
200 380 235 423 se
255 370 372 426 testem.
403 364 497 424 Immo
519 365 649 438 amplius
665 365 809 424 adiciam:
836 375 883 427 est
900 367 1064 441 aliqnando
1081 376 1098 429 5

87 454 194 524 gratus
210 448 299 506 etiam
314 447 366 520 qui
383 447 520 521 ingratus
541 449 675 518 videtur,
700 464 791 521 quem
812 452 893 510 mala
913 451 1065 522 interpres

87 532 193 607 opinio
222 531 251 588 in
278 531 462 590 contradunt
487 531 618 590 tradidit.
650 531 706 590 Hic
727 533 801 606 quid
823 535 905 594 allud
928 534 1066 607 sequitur

87 631 180 692 quam
199 615 299 688 ipsam
321 614 559 673 conscientiam?
588 630 667 688 quae
688 616 776 674 etiam
798 617 906 676 obruta
926 617 1064 689 delectat,

86 714 168 774 quae
190 696 331 756 concioni
352 712 388 755 ac
404 698 502 757 famae
516 699 660 758 reclamat
679 706 709 758 et
722 700 752 757 in
768 715 803 759 se
819 701 920 759 omnia
934 701 1065 773 reponit,

85 792 115 842 et
127 797 197 840 eum
209 781 361 854 ingentem
373 796 411 838 ex
424 781 517 839 altera
529 789 614 854 parte
627 781 743 840 turbam
756 793 860 843 eontra
872 782 1065 843 sentientium

86 863 246 939 adspexit,
268 880 329 921 non
348 873 486 924 numerat
506 863 666 938 suffragia,
688 866 744 923 sed
760 883 819 926 una
834 866 984 927 sententia
1000 868 1064 925 vin-

85 950 136 1007 cit.
160 947 193 1005 Si
210 962 281 1005 vero
297 947 407 1006 bonam
422 947 514 1006 iidem
526 949 674 1021 perfidiae
689 950 848 1022 suppliciis
864 951 955 1010 adlici
970 951 1062 1022 videt,
1079 966 1096 1019 6

85 1047 150 1090 non
167 1030 325 1090 descendit
341 1047 358 1088 e
376 1031 511 1105 fastigio,
534 1031 590 1090 sed
606 1047 702 1103 supra
716 1048 846 1105 poenam
861 1050 947 1093 suam
962 1034 1063 1092 consi-

86 1114 153 1174 stit:
175 1112 317 1188 ,‚habeo‚
332 1112 444 1189 inquit,
463 1115 545 1189 quod
560 1113 659 1183 volui,
677 1115 761 1186 quod
778 1116 863 1189 petii:
885 1133 942 1176 nec
958 1118 1063 1190 poeni·

85 1204 130 1258 tet
151 1212 208 1256 nec
231 1196 395 1270 poenitebit
417 1214 474 1257 nec
494 1199 556 1257 ulla
571 1196 726 1272 iniquitate
741 1213 789 1256 me
807 1215 844 1258 eo
859 1200 981 1258 fortuna
997 1215 1064 1271 per-

85 1283 192 1354 ducet,
216 1287 248 1340 at
269 1280 347 1340 hanc
370 1297 476 1341 vocem
498 1282 635 1340 audiam:
665 1283 737 1354 quid
760 1281 831 1340 mihi
859 1282 964 1341 voluit
992 1281 1066 1354 quid

84 1381 167 1425 nune
182 1364 255 1423 milri
269 1365 398 1438 prodest
410 1366 492 1425 bona
508 1365 694 1424 voluntast“
715 1365 844 1424 Prodest
859 1373 889 1424 et
903 1365 935 1426 in
948 1365 1064 1435 eculeo,

85 1450 215 1524 prodest
235 1449 315 1506 etin
334 1447 415 1520 igne.
446 1449 497 1522 qui
518 1449 544 1507 si
562 1447 690 1521 singulis
708 1449 851 1508 membris
867 1450 1066 1507 admoveatur

85 1539 116 1603 et
142 1532 287 1605 paulatim
313 1531 417 1589 vivum
443 1547 556 1606 corpus
583 1531 760 1604 circumeat,
790 1532 861 1591 licet
885 1533 987 1605 ipsum
1012 1546 1066 1589 cor

86 1617 214 1689 plenum
235 1613 316 1671 bona
337 1613 525 1672 conscientia
552 1615 657 1674 stillet:
684 1615 816 1688 placebit
831 1614 873 1672 illi
894 1615 989 1687 ignis,
1012 1629 1066 1687 per

87 1710 181 1771 quem
198 1694 281 1753 bona
295 1695 373 1752 fides
388 1696 569 1754 conlucebit.

152 1777 243 1836 XXII.
272 1778 358 1837 Nunc
377 1777 452 1836 illud
475 1794 601 1853 quoque
627 1786 836 1850 argumentum
860 1782 999 1854 quamvis
1021 1780 1093 1849 di]

88 1870 170 1923 ctum
189 1863 248 1920 iam
269 1862 448 1921 reducatur=
477 1863 551 1936 quid
572 1870 619 1921 cst
641 1877 736 1936 quare
750 1864 827 1935 grati
843 1864 970 1921 velimus
986 1877 1065 1932 esse,
1173 1861 1175 1866 '

88 1962 159 2006 cum
181 1945 349 2005 morimur?
371 1961 466 2019 quare
486 1946 673 2019 singulorum
695 1946 922 2019 perpendamus
938 1944 1068 2019 ,official

86 2045 185 2105 quare
203 2029 234 2088 id
255 2044 381 2103 agamus
401 2029 431 2089 in
453 2045 572 2090 omnem
597 2031 686 2089 vitam
702 2036 838 2088 nostram
854 2029 999 2087 memoria
1015 2028 1066 2086 dc·

85 2118 242 2185 currente,
262 2127 301 2170 ne
322 2113 409 2171 cuius
432 2114 524 2172 olsrcii
539 2113 698 2172 videamur
714 2113 820 2172 obliti?
849 2112 921 2171 nihil
937 2113 996 2170 iam
1016 2128 1066 2170 su-

86 2203 208 2272 perest,
233 2212 294 2268 quo
311 2213 385 2271 spes
400 2197 587 2270 porrigatur,
609 2196 639 2254 in
656 2197 706 2254 illo
723 2203 822 2254 tamen
836 2195 959 2255 cardine
974 2195 1066 2269 positi

87 2279 174 2338 abire
189 2279 315 2337 erebus
330 2279 470 2340 humanis
487 2295 579 2354 quam
594 2280 759 2352 gratissimi
774 2282 924 2339 volumus.
953 2279 1008 2338 Est
1024 2279 1066 2336 vi·
1082 2292 1099 2344 a

87 2360 201 2420 delicet
215 2375 325 2434 magna
345 2361 375 2419 in
395 2363 464 2435 ipso
487 2378 582 2437 opere
604 2377 721 2421 merces
742 2362 786 2420 rei
807 2370 837 2421 et
858 2363 897 2421 ad
922 2362 1066 2421 adlicien-

86 2445 146 2504 das
160 2449 278 2503 mentes
293 2443 448 2503 hominum
462 2446 569 2518 ingens
584 2447 706 2505 honesti
723 2447 871 2520 potentia,
897 2445 983 2505 cuius
1000 2447 1066 2519 pul·

86 2526 227 2587 chritudo
253 2527 372 2587 animos
400 2529 614 2589 circumfundit
639 2536 670 2587 et
696 2529 838 2588 delinitos
866 2529 1065 2588 admiratione

88 2611 210 2669 luminis
225 2626 262 2669 ac
277 2611 404 2685 fulgoris
421 2613 468 2672 sui
483 2612 570 2686 rapit.
600 2614 641 2671 At
656 2614 749 2670 multa
763 2612 823 2671 hoc
835 2613 995 2671 commoda
1008 2613 1053 2671 ori
1080 2622 1098 2676 3

85 2700 194 2765 untur,
216 2698 246 2750 et
264 2694 356 2754 tutior
378 2696 459 2772 [cst]
475 2696 537 2754 vita
557 2696 734 2754 melioribus
751 2710 898 2770 amorque
912 2703 943 2754 et
957 2711 1065 2753 secun-

87 2779 163 2836 dum
185 2776 335 2835 bonorum
354 2777 497 2837 iudicium
520 2787 668 2852 aetasque
690 2778 842 2849 securior,
865 2795 956 2853 quam
980 2779 1064 2836 inno-

87 2861 202 2929 centia,
228 2875 320 2932 quam
337 2867 422 2932 grata
446 2877 532 2920 mens
554 2862 756 2935 prosequitur.
786 2860 896 2922 luisset
916 2863 996 2920 enim
1011 2861 1067 2918 ini-

88 2941 238 3016 quissima
261 2957 362 3002 rerum
387 2951 509 3015 natura,
533 2945 560 3003 sl
582 2945 640 3004 hoc
660 2951 773 3004 tantum
794 2946 908 3005 bonum
922 2944 1068 3003 miserum

87 3034 118 3085 et
139 3041 254 3099 anceps
278 3033 308 3084 et
328 3027 430 3084 sterile
459 3028 597 3088 lecisset:
629 3028 684 3086 sed
704 3028 777 3088 illud
799 3030 931 3099 intuere,
961 3042 1000 3084 an
1028 3025 1068 3083 ad

88 3109 178 3167 istam
200 3108 357 3181 virtutem,
381 3125 460 3182 quae
481 3126 576 3184 saepe
597 3118 660 3170 tuto
682 3127 718 3170 ac
738 3112 826 3170 laclle
848 3112 955 3180 aditur,
978 3107 1068 3166 ctiam

89 3208 145 3268 per
166 3208 241 3250 saxa
263 3199 292 3251 et
312 3207 407 3265 rupes
429 3199 458 3251 et
478 3193 551 3251 ieris
572 3209 608 3252 ac
623 3195 816 3267 serpentibus
832 3194 996 3252 obsessum
1011 3193 1069 3252 iter

88 3276 183 3334 fueris
198 3276 305 3335 iturus.
340 3275 408 3334 Non
424 3276 494 3334 ideo
514 3291 569 3349 per
584 3292 618 3335 se
634 3292 694 3335 non
710 3285 758 3334 cst
772 3275 994 3348 expetendum,
1019 3271 1100 3330 cuit

89 3357 205 3431 aliquid
232 3365 318 3416 extra
345 3374 471 3434 quoque
499 3360 690 3418 emolumenti
714 3357 874 3416 adhaeret:
902 3356 968 3414 lere
988 3353 1066 3410 enirn

110 3600 148 3655 τ’
