2364 3840
179 174 240 238 138
448 174 481 234 L.
504 173 651 233 ΑΝΝΑΕΙ
674 172 850 233 SENECAE

177 328 248 387 durn
265 335 327 400 est,
351 327 507 402 quomodo
523 323 710 385 liberalitatis
722 325 847 384 materia
856 324 1011 385 adversus
1022 339 1092 384 eum
1101 340 1143 385 su·

146 412 284 486 dpersit,
309 410 396 470 cuius
414 412 558 471 universa
577 425 649 468 osse
669 409 892 468 concessimus.
929 407 1040 468 Omnia
1060 409 1142 482 patn's

176 502 263 567 sunt,
286 511 366 568 quae
389 496 417 553 in
440 495 602 554 liberorum
620 508 711 553 manu
732 499 815 551 sunt:
845 490 1032 566 quistamen
1058 491 1143 551 nescit

175 580 291 637 donare
312 578 426 652 aliquid
449 577 588 636 etlilium
605 577 702 650 patri?
736 573 844 634 Omnia
857 576 987 651 deorum
1004 582 1089 635 sunu
1107 583 1141 635 ta·

175 677 242 720 men
260 669 289 720 el
301 662 348 720 dis
360 663 475 720 donum
487 660 647 734 posuimus
660 667 689 719 et
701 656 810 733 stipem
822 659 960 718 lecimus.
994 657 1062 719 Non
1074 658 1141 731 ideo,

176 745 258 818 quod
280 744 395 816 habeo,
409 756 514 802 'meum
537 759 598 800 non
621 751 681 813 est,
705 743 731 801 si
750 758 851 801 meum
868 749 951 801 tuum
966 748 1031 801 este
1053 748 1142 815 potest

145 834 161 888 7
173 830 252 887 enirn
275 827 353 885 idern
375 842 447 886 osse
467 842 567 885 meum
584 834 613 884 et
627 834 720 885 tuum.
755 826 821 897 ‚‚Is,
845 826 957 899 inquit,
979 825 1069 885 cuius
1082 839 1139 899 pro

174 912 294 969 stitutae
311 917 395 983 sunt,
417 910 486 969 leno
503 917 560 969 est.
582 911 683 968 omnia
699 916 798 968 autem
810 909 958 983 sapientis
972 916 1055 969 sunt.
1077 909 1141 968 inter

174 994 275 1052 omnia
290 1001 319 1050 et
330 994 510 1066 prostitutae
522 1000 607 1054 sunt:
622 1008 696 1066 ergo
713 991 892 1067 prostitutae
905 991 1057 1067 sapientis
1072 999 1140 1052 sunt

173 1079 242 1135 leno
264 1083 364 1135 autern
380 1085 440 1148 est,
462 1077 548 1136 cuius
565 1077 744 1151 prostitutae
763 1084 849 1136 sunt:
871 1091 946 1151 ergo
961 1077 1088 1150 sapiens
1103 1082 1141 1134 est

143 1160 272 1220 eteno.“
310 1158 360 1220 Sic
376 1162 457 1221 illurn
473 1168 577 1221 vetant
591 1176 701 1220 emere.
725 1160 936 1219 dicuntenim=
959 1159 1140 1234 „Nemorum

172 1261 259 1303 suam
281 1243 361 1303 emit.
395 1246 496 1304 omnia
518 1252 617 1304 autern
639 1243 787 1317 sapientis
810 1251 901 1303 sunta
931 1259 1008 1318 ergo
1026 1242 1139 1318 sapiens

171 1329 244 1387 nihil
266 1329 365 1387 emit.“
404 1327 456 1387 Sic
480 1335 582 1388 vetant
601 1335 631 1386 et
651 1333 784 1386 mutuum
807 1342 943 1400 sumere,
966 1328 1041 1402 quia
1062 1342 1139 1385 nemo

170 1427 296 1472 usuram
314 1427 368 1484 pro
387 1412 516 1485 pecunia
531 1427 587 1470 sua
599 1411 721 1484 pendat.
745 1409 981 1470 Innumerabilia
994 1416 1081 1485 sunt,
1095 1425 1139 1485 per

172 1510 252 1570 quae
266 1495 459 1566 cavillantur,
482 1509 550 1552 curn
565 1494 780 1568 pulcherrime,
804 1492 1013 1567 quidanobis
1024 1494 1138 1566 dicatur,

171 1578 353 1650 intellegant.

143 1660 157 1712 1
231 1660 270 1717 V.
300 1659 396 1717 Etiam
416 1658 461 1718 sic
478 1660 578 1718 omnia
594 1661 740 1734 sapientis
756 1674 828 1718 esse
843 1658 929 1731 dico,
950 1667 987 1719 ut
1001 1659 1137 1720 nihilomi-

171 1759 228 1801 nus
251 1743 405 1816 proprium
429 1742 561 1817 quisque
581 1744 610 1802 in
632 1743 725 1803 rebus
752 1742 816 1802 suis
838 1741 1006 1803 dominium
1028 1744 1135 1814 habea

172 1825 428 1900 quemadmodum
451 1827 509 1886 sub
526 1825 639 1902 optimo
654 1841 727 1900 rege
742 1826 843 1886 omnia
857 1840 913 1884 rex
925 1826 1059 1901 imperio
1075 1843 1135 1903 pos·

171 1910 264 1983 sidet,
287 1911 397 1983 singuli
412 1910 557 1970 dominio.
592 1912 725 1983 Tempus
740 1910 827 1968 istius
842 1909 1024 1984 probandae
1037 1912 1083 1970 rei
1094 1924 1135 1969 ve

169 1994 239 2053 niel.
273 1994 390 2052 interim
412 1995 472 2054 hoc
492 1994 563 2053 huie
587 1993 758 2067 quaestioni
780 2000 828 2051 sat
851 1998 899 2052 est
919 2008 968 2051 me
989 1994 1037 2068 id,
1066 1992 1137 2070 quod

170 2078 256 2137 aliter
277 2076 440 2150 sapientis,
463 2077 548 2135 aliter
565 2093 664 2137 meum
680 2085 741 2150 cst,
766 2091 861 2150 posse
875 2076 993 2136 donare
1007 2074 1135 2152 sapienti.

140 2161 231 2218 2Nec
246 2161 353 2218 mirum
369 2169 415 2219 est
430 2160 545 2232 aliquid
560 2161 603 2230 ei,
627 2160 713 2219 cuius
730 2167 777 2219 est
792 2167 902 2233 toturn,
918 2175 1016 2234 posse
1031 2158 1136 2222 donari.

170 2241 309 2301 Conduxi
331 2243 492 2301 demuma
514 2250 552 2301 te.
581 2244 610 2300 in
633 2243 691 2302 hac
713 2242 828 2318 aliquid
848 2249 932 2303 tuum
946 2250 1009 2316 est,
1033 2241 1137 2319 aliquid

168 2339 284 2385 mcum:
307 2340 358 2383 res
378 2333 429 2384 tua
451 2332 511 2398 est,
534 2343 610 2385 usus
631 2327 674 2384 rei
696 2335 766 2387 tuae
786 2342 873 2387 meus
889 2333 945 2386 est.
973 2326 1077 2401 itaque
1090 2339 1136 2386 nec

168 2411 285 2468 fructus
308 2415 415 2482 tanges
439 2410 548 2469 colono
572 2417 623 2470 tuo
650 2411 845 2484 prohibente,
875 2411 1015 2485 quamvis
1041 2410 1135 2471 tuaiu

168 2493 370 2569 possessione
392 2502 575 2566 nascantur,
605 2501 635 2552 el
660 2493 687 2552 si
712 2509 833 2552 annona
859 2494 958 2553 carior
984 2494 1076 2554 luerit
1094 2497 1136 2552 aut

169 2580 281 2651 sames,

251 2663 309 2721 heu
327 2662 449 2734 frustra
469 2677 609 2735 moenum
624 2663 748 2723 alterius
763 2661 907 2736 spectabis
921 2676 1064 2721 aceruum

138 2745 196 2804 3in
212 2751 264 2803 tuo
280 2752 398 2816 nalum,
414 2743 443 2802 in
460 2752 512 2805 tuo
528 2743 678 2819 positum,
701 2745 731 2802 in
745 2743 856 2804 horrea
870 2744 980 2803 iturum
994 2751 1059 2804 lua.
1083 2741 1136 2801 Neo

167 2827 349 2885 conductum
365 2843 481 2899 meum,
499 2843 684 2902 quamquam
699 2827 742 2886 sis
758 2827 915 2900 dominus,
930 2827 1068 2887 intrabis
1088 2838 1137 2884 nec

166 2926 290 2969 servum
312 2917 409 2983 tuum,
440 2910 658 2970 mercenarium
682 2926 797 2984 meum,
825 2909 973 2969 abduces.
1000 2918 1137 2971 etcuma

166 3001 195 3052 te
210 2992 337 3051 rhedam
353 2994 545 3066 conduxere,
566 2993 749 3053 beneficium
765 2993 914 3068 accipies,
935 2993 963 3052 si
977 2993 1033 3054 tibi
1046 2993 1078 3054 in
1091 3005 1137 3051 ve

165 3074 267 3134 hiculo
284 3083 334 3135 tuo
353 3076 462 3135 sedere
478 3078 656 3150 permisero.
691 3077 789 3136 Vides
805 3092 878 3151 ergo
894 3092 992 3152 posse
1005 3078 1089 3151 fleri,
1109 3080 1138 3135 ut

166 3159 278 3233 aliquis
295 3159 474 3233 accipiendo
492 3161 573 3234 quod
590 3177 678 3221 suum
693 3168 755 3233 est,
779 3177 888 3221 munus
905 3161 1046 3236 accipiat.

134 3254 150 3305 1
227 3242 279 3301 Vl.
301 3244 334 3302 ln
351 3243 492 3304 omnibus
504 3246 585 3316 istis,
608 3260 688 3318 quae
699 3245 791 3304 modo
803 3245 905 3317 retuli,
921 3251 1053 3319 uterque
1063 3244 1138 3305 eius-

167 3327 236 3385 dem
250 3328 294 3384 rel
310 3328 450 3387 dominus
466 3335 522 3387 est.
559 3328 740 3400 Quomodo?
762 3328 834 3401 quia
850 3328 926 3387 alter
940 3325 986 3386 rei
1001 3328 1138 3389 dominus

166 3417 228 3483 est,
253 3411 327 3471 aller
340 3428 427 3471 usus.
462 3411 572 3470 Libros
590 3411 719 3471 dicimus
735 3427 806 3471 esse
821 3411 986 3470 Ciceronis.
1016 3411 1139 3471 eosdem

164 3495 264 3556 Dorus
280 3493 420 3554 librarius
438 3510 513 3554 suos
526 3503 632 3565 vocat,
654 3502 856 3570 etutrunrque
867 3509 975 3555 verum
986 3500 1046 3555 est
1070 3494 1140 3554 alut
