2364 3840
241 222 381 283 NATUR.
398 220 559 294 QUAEST.
582 222 654 282 LlB.
670 223 718 282 ΙΙΙ.
740 232 855 286 9-11.
971 224 1035 289 219

58 381 124 447 est,
149 371 210 433 iam
229 369 322 433 nrixta
338 378 418 432 sunt.
447 370 546 431 Habet
565 387 638 446 ergo
662 381 742 431 terra
755 373 929 433 humorem:
954 375 1067 438 bunct

58 455 211 533 exprimit.
243 455 334 516 babet
353 458 440 514 aera:
464 454 546 514 hunc
567 454 673 514 umbra
691 455 807 516 hiberni
824 459 946 531 trigoris
960 459 1033 517 den-

57 550 124 614 sat,
138 547 173 601 ut
185 538 278 600 iaciat
290 538 457 600 humorem.
480 538 549 613 ipsa
564 553 689 614 quoque
704 540 856 600 mutabitis
873 541 963 600 estin
980 541 1034 600 hu·

58 639 197 684 morem:
217 629 326 683 natura
342 638 400 682 sua
413 622 514 682 utitur.

119 706 170 767 XI.
192 705 291 779 „Quid
304 712 400 780 ergo?
429 704 547 779 inquis,
563 705 595 765 si
612 713 1059 782 perpetuaesuntcan·t

59 805 145 862 sae,
167 788 309 864 quibus
325 788 896 864 ftuminaoriuntnraciontes,
913 806 1035 866 quare

57 871 281 947 aliquando
305 871 519 946 siccantur,
553 873 764 948 aliqnando
796 875 935 949 quibus
962 891 1034 934 non

59 958 221 1017 inerunt
247 956 363 1028 locis,
386 960 570 1014 exenntt“
602 955 703 1031 Saepe
724 965 808 1017 motu
828 965 974 1019 terrarum
990 958 1035 1018 iti-

60 1055 136 1101 nera
156 1037 315 1099 turbantur
335 1045 365 1098 et
383 1039 471 1098 ruina
490 1039 678 1099 interscindit
692 1055 814 1100 cursum
828 1041 933 1117 aquis,
955 1057 1036 1116 quae

62 1129 200 1184 retentae
214 1138 313 1182 novos
328 1122 427 1182 exitus
444 1129 594 1196 quaerunt
613 1130 643 1180 et
657 1123 758 1195 atiquo
773 1125 908 1197 inpetum
924 1127 1036 1184 iaciunt

57 1214 114 1267 aut
133 1204 233 1281 ipsius
256 1205 453 1281 quassatione
474 1213 574 1266 terrae
596 1205 717 1265 aiiunde
732 1207 791 1266 aiio
807 1209 1064 1273 transferuntur.r

60 1288 157 1367 Apud
177 1304 235 1348 nos
257 1289 335 1349 solet
355 1288 492 1360 evenire,
520 1297 554 1348 ut
574 1290 688 1349 amisso
711 1288 810 1348 canati
833 1304 889 1348 suo
911 1289 1037 1349 flumina

61 1374 193 1448 primum
208 1372 423 1446 refundantur,
440 1372 565 1446 deinde,
581 1372 654 1448 quia
668 1373 868 1448 perdiderunt
882 1373 976 1446 riam,
993 1374 1036 1430 ia·

59 1458 153 1517 ciant.
185 1456 252 1516 Hoc
273 1457 424 1516 accidisse
445 1456 487 1515 ait
499 1455 729 1531 Theophrastus
752 1457 780 1514 in
797 1456 911 1531 Coryco
926 1464 1037 1527 monte,

59 1540 92 1599 in
108 1555 172 1616 quo
186 1546 257 1614 post
269 1545 416 1600 terrarum
429 1545 589 1599 tremorem
604 1556 685 1599 nova
700 1539 748 1599 vis
765 1540 890 1599 sontium
905 1540 1037 1599 emersit.

60 1622 142 1683 Sunt
156 1622 207 1698 qui
219 1621 295 1682 alias
309 1638 433 1698 quoque
448 1638 558 1683 causas
570 1624 752 1683 intervenire
767 1623 942 1699 opinantur,
958 1628 1066 1698 quaed

56 1712 190 1767 evocent
203 1721 301 1781 aquas
317 1713 370 1767 aut
386 1724 404 1766 a
419 1723 511 1766 cursu
526 1722 583 1766 suo
599 1708 730 1766 deiciant
744 1715 775 1767 et
798 1715 944 1767 avertant.
970 1707 1038 1767 Fuit

58 1788 230 1865 aliquando
255 1806 402 1865 aquarum
428 1790 519 1865 inops
539 1791 689 1862 Haemus,
717 1791 773 1849 sed
793 1805 861 1850 cum
883 1790 1037 1851 Gaiiorum

59 1888 140 1948 gens
160 1871 368 1933 aCassandro
390 1873 523 1932 obsessa
543 1874 573 1931 in
595 1872 676 1932 ittum
693 1888 727 1931 se
743 1874 923 1932 contulisset
942 1882 973 1932 et
987 1873 1038 1932 sit·

60 1972 118 2016 vas
135 1955 312 2030 cecidisset,
336 1955 446 2030 ingens
461 1971 609 2031 aquarum
626 1956 715 2030 copia
729 1956 886 2029 adparuit,
903 1971 981 2030 quas
997 1956 1038 2013 m·-

58 2039 174 2099 delicet
199 2038 229 2097 in
258 2039 431 2100 alimentum
457 2055 546 2099 suum
572 2054 697 2098 nemora
722 2038 893 2109 ducebant,
927 2038 1038 2112 quibus

59 2120 182 2182 eversis
196 2121 319 2196 humor,
337 2124 388 2198 qui
400 2123 490 2183 desiit
504 2121 534 2181 in
545 2121 670 2182 arbusta
684 2123 839 2195 consumi,
855 2122 1039 2196 superinsus

59 2213 120 2265 est.
157 2205 241 2264 Idem
259 2207 301 2264 uit
320 2214 350 2266 et
371 2207 452 2265 circa
472 2205 661 2280 Magnesiam
683 2206 845 2266 accidisse.
879 2205 941 2266 Sed
960 2208 1070 2281 pacet

60 2287 264 2362 Tbeopbrasti
285 2288 402 2349 dixisse
416 2289 518 2360 liceat,
541 2306 600 2349 non
617 2297 664 2349 est
678 2289 736 2350 hoc
753 2291 944 2366 verisimile,
968 2288 1039 2363 quia

60 2370 128 2431 fere
146 2372 353 2445 aquosissima
374 2379 445 2432 sunt
465 2388 676 2448 quaecumque
690 2371 931 2434 umbrosissima.
955 2370 1039 2448 quod

62 2470 125 2515 uon
141 2455 291 2528 eveniret,
308 2457 334 2514 si
349 2472 445 2531 aquas
461 2456 584 2516 arbusta
599 2457 764 2526 siccarent,
788 2455 900 2530 quibus
914 2456 1040 2514 alimen·

60 2545 126 2598 tum
141 2552 181 2596 ex
200 2538 339 2612 proximo
356 2547 411 2599 est.
445 2537 600 2598 iiuminum
616 2555 689 2598 vero
704 2541 751 2598 vis
767 2554 805 2597 ex
821 2539 925 2597 intimo
940 2543 1041 2594 manat

62 2621 206 2695 ultraque
222 2622 391 2696 coneipitur
407 2638 496 2696 quam
511 2623 667 2682 radicibus
683 2621 806 2694 evagari
823 2621 901 2679 ticet.
924 2618 1041 2678 Deinde

62 2702 206 2764 succisae
221 2702 347 2764 arbores
363 2706 432 2779 plus
448 2705 582 2765 humoris
599 2705 784 2764 desiderant.
807 2719 868 2761 non
885 2702 964 2761 enim
976 2707 1040 2759 tan-

61 2793 124 2846 tum
140 2786 188 2860 id,
210 2803 272 2861 quo
290 2787 407 2861 vivant,
429 2788 485 2848 sed
508 2805 568 2863 quo
585 2793 726 2847 crescant
741 2785 871 2845 trahunt.
901 2785 984 2844 Idem
1000 2785 1072 2843 aito

60 2867 147 2929 circa
160 2871 340 2943 Arcadiam,
359 2886 438 2946 quae
453 2871 527 2931 urbs
543 2870 572 2930 in
589 2871 677 2929 Creta
692 2869 791 2928 insuia
806 2869 874 2942 fuit,
896 2869 996 2928 fontes
1011 2876 1041 2928 ct

61 2952 148 3014 rivos
174 2953 367 3027 substitisse,
394 2955 466 3029 quia
486 2953 612 3014 desierit
639 2953 698 3012 coti
722 2959 803 3012 terra
829 2952 928 3012 diruta
952 2951 1039 3025 urbe,

64 3044 175 3109 postea
201 3048 275 3095 vero
300 3042 392 3111 quam
417 3039 549 3097 cultores
571 3036 757 3111 perceperit,
784 3050 882 3111 aquas
916 3050 1041 3111 quoque

64 3116 254 3193 percepisse.
273 3134 398 3179 causam
410 3121 553 3181 siccitatis
567 3120 645 3178 hanc
660 3119 760 3194 ponit,
778 3121 862 3194 quod
876 3116 1043 3194 obriguerit

61 3202 231 3262 constricta
242 3203 330 3263 tellus
342 3218 398 3262 nec
410 3204 543 3278 potuerit
553 3202 665 3263 imbres
677 3203 820 3277 inagitata
829 3204 1042 3264 transmittere.

63 3285 226 3358 Quomodo
249 3299 322 3359 ergo
345 3284 487 3347 videmus
507 3286 655 3362 plurimos
676 3288 706 3346 in
726 3285 803 3347 locis
825 3283 1074 3346 desertissimisi

64 3370 189 3430 iontesi
218 3368 308 3443 plura
326 3369 459 3445 denique
479 3369 670 3444 invenimus,
695 3384 774 3446 quae
796 3378 923 3444 propter
944 3380 1044 3441 aquas

66 3451 126 3513 coti
148 3458 320 3527 coeperunt
335 3469 426 3527 quam
441 3469 520 3528 quae
536 3469 633 3529 aquas
645 3452 760 3513 habere
775 3452 948 3526 coeperint,
972 3446 1045 3521 qnia
