2364 3840
219 264 222 270 ‚
267 188 407 248 nnrua.
424 188 585 261 ouansr.
607 189 744 247 univ.
765 198 833 251 aa.
894 174 896 178 ’
978 190 1041 253 249

67 339 195 401 calidior
210 347 278 400 estt
299 340 415 399 Deinde
430 356 526 414 quare
539 341 623 400 Nilus
640 340 737 400 dulcis
754 349 816 413 est,
833 342 859 400 si
874 342 951 401 haec
965 341 1007 402 illi
1022 359 1040 402 e

65 424 142 483 mari
157 423 240 482 unda
255 429 323 482 est?
344 439 401 482 nec
417 425 495 482 enim
512 423 564 482 ulli
578 423 693 482 flumini
710 425 827 484 dulcior
841 434 958 500 gustus
975 423 1039 464 ***

126 591 177 649 ΙΙΙ.
194 587 258 628 ***
272 591 458 666 [Quaeritum
473 593 614 664 quomodo
628 594 683 650 nix
703 595 766 664 fiat.
781 590 820 632 **
834 594 896 651 Nix
907 596 1038 667 pruinae

62 675 152 734 habet
172 676 295 734 similem
314 679 463 732 naturam.
493 679 563 749 plus
581 678 627 734 itti
636 679 758 750 spiritus
771 672 860 750 quam
876 693 973 751 aquae
987 680 1069 747 rit-1

62 768 114 818 est.
130 754 167 789 **
179 757 381 830 Anaxaporas
394 755 433 794 **
448 758 534 827 Quod
546 761 622 817 inter
635 777 744 833 aquam
759 766 788 819 et
800 776 897 819 rorem
912 763 1037 833 interest,

62 843 119 901 hoc
132 843 209 900 inter
217 844 357 915 pruinam
371 843 551 913 statuerem,
566 858 621 901 nec
634 858 692 901 non
703 847 781 903 inter
791 847 884 903 nivem
900 851 929 903 et
937 861 1039 917 pran-

64 927 161 984 dinem
186 927 314 983 interest.
335 922 389 999 **]

124 1006 353 1065 Grandinent
379 1007 438 1064 hoc
457 1008 549 1066 modo
578 1008 683 1079 lieri,
712 1009 738 1066 si
759 1010 810 1068 tibi
827 1010 1038 1086 adfirmavero,
1125 1047 1128 1052 -

64 1107 126 1166 quo
143 1089 225 1164 apud
239 1106 295 1149 nos
308 1088 423 1162 glacies
436 1091 484 1161 nt,
507 1092 635 1162 gelata
652 1091 747 1150 nube
761 1100 858 1165 tota,
880 1094 968 1153 nimis
984 1111 1037 1153 au-

63 1175 171 1232 dacem
187 1189 251 1231 rern
267 1175 379 1231 secero.
408 1173 510 1246 itaque
526 1190 564 1232 ex
579 1174 626 1232 his
637 1190 685 1232 me
700 1174 828 1234 testibus
844 1192 970 1237 numero
990 1193 1038 1235 se·

63 1257 183 1316 eundae
203 1265 308 1328 notae,
332 1258 383 1330 qui
404 1257 560 1316 audivisse
577 1259 697 1331 quidem
714 1274 764 1331 se,
785 1257 902 1317 vidisse
917 1269 1037 1332 negant.

62 1348 115 1400 aut
127 1341 211 1414 quod
227 1339 363 1399 historici
376 1341 506 1412 iaciunt,
529 1348 558 1399 et
577 1341 644 1415 ipse
656 1342 779 1400 faciam:
801 1341 842 1400 illi
861 1356 927 1399 curn
945 1344 1038 1402 multa

62 1423 177 1483 mentiti
194 1431 264 1482 sunt
278 1423 316 1482 ad
333 1424 485 1482 arbitrium
504 1440 607 1498 suum,
631 1441 722 1482 unam
744 1424 876 1498 aliquam
897 1441 960 1483 rem
982 1441 1037 1484 no-

61 1509 128 1566 lunt
144 1507 312 1580 spondere,
329 1507 384 1566 sed
403 1506 551 1565 adiciunt:
575 1523 722 1581 „penes
738 1517 918 1567 auctores
935 1509 1036 1583 sides

62 1591 170 1651 erit.“
189 1591 270 1664 Ergo
283 1591 309 1648 si
321 1589 393 1648 mihi
405 1606 512 1663 parurn
531 1591 647 1663 credis,
664 1590 849 1652 Posidonius
864 1592 918 1651 tibi
933 1600 1036 1651 aucto·
1052 1606 1070 1658 2

60 1673 180 1733 ritatem
203 1672 362 1747 promittit,
384 1676 491 1732 tamin
512 1674 580 1746 illo,
602 1676 683 1748 quod
706 1675 874 1748 praeteriit,
902 1692 991 1750 quarn
1007 1676 1036 1734 in
1152 1678 1156 1682 ‘

60 1757 136 1829 hoc,
154 1758 237 1831 quod
252 1765 425 1816 secuturum
442 1764 499 1816 est.
529 1758 710 1816 Grandinenr
728 1757 807 1816 enim
823 1759 887 1817 lieri
904 1776 942 1818 ex
957 1759 1038 1818 nube

61 1857 199 1915 aquosa,
227 1841 283 1899 iarn
306 1848 335 1899 et
356 1842 385 1898 in
407 1839 564 1900 humorem
584 1856 689 1911 versa,
718 1841 762 1898 sic
778 1840 949 1901 adfirmabit
963 1851 1035 1902 tarn-

63 1941 154 1999 quam
169 1924 344 1984 interlueril.
369 1923 492 1997 Quare
513 1931 611 1983 autern
627 1924 795 1983 rotunda
816 1925 1069 1999 sitgrandqa

62 2014 92 2067 ct
115 2007 182 2066 sinc
202 2008 347 2081 magistro
370 2008 449 2066 scire
470 2007 590 2081 possiS,
618 2023 686 2066 cum
706 2007 902 2066 adnotaveris
925 2008 1037 2066 stillici-

65 2090 147 2150 dium
161 2105 251 2150 omne
266 2089 438 2164 glomerari.
461 2092 544 2163 quod
556 2100 585 2150 et
600 2091 629 2148 in
646 2091 781 2165 speculis
797 2091 939 2164 adparet,
958 2107 1037 2164 quae

61 2174 218 2241 humorem
241 2173 334 2233 halitu
356 2174 514 2248 colligunt,
541 2175 618 2234 etin
642 2175 761 2249 poculis
778 2174 896 2249 sparsis
918 2173 1038 2248 aliaque

62 2257 144 2315 omni
166 2257 315 2316 laevitate.
347 2274 408 2316 non
424 2258 523 2317 minus
539 2259 618 2318 loliis
635 2260 660 2317 si
678 2275 756 2334 quae
771 2265 873 2333 guttae
888 2258 1036 2317 adhaese-

61 2347 144 2412 runt,
162 2341 190 2399 in
206 2342 367 2400 rotundum
384 2341 493 2400 iacent.

145 2423 226 2494 Quid
237 2428 333 2497 mapis
347 2432 477 2484 estsexe
491 2422 620 2484 duram?
632 2427 705 2498 qaid
715 2429 830 2485 mollius
844 2422 950 2483 anda?
1052 2433 1070 2485 4

188 2508 266 2566 clarc
279 2516 376 2568 tamen
390 2511 472 2567 molli
481 2525 560 2567 saxa
574 2515 720 2568 cavantur
730 2523 819 2581 aqua.

60 2597 112 2650 aut
126 2597 159 2649 ut
174 2589 252 2650 alius
267 2599 359 2664 poeta
374 2590 430 2649 ait:

186 2675 320 2734 stillicr'di
330 2691 418 2733 casus
432 2676 562 2748 lapidem
575 2680 669 2733 ravat.

59 2756 143 2815 Haeo
168 2756 237 2830 ipsa
252 2757 411 2816 excavatio
433 2758 563 2816 rotunda
583 2757 625 2815 lit.
666 2771 704 2812 ex
730 2771 790 2828 quo
812 2754 941 2828 adparet
961 2753 1036 2812 illud

62 2855 187 2914 quoque
203 2839 273 2898 huic
289 2840 387 2898 simile
399 2856 484 2914 esse,
500 2840 582 2914 quod
600 2845 697 2897 cavat.
721 2837 908 2897 locumenim
926 2836 984 2896 sibi
997 2837 1033 2896 ad

59 2922 187 2983 formam
200 2930 230 2981 et
240 2923 373 2983 habitum
386 2924 434 2983 sui
445 2923 624 2996 exsculpsit.
636 2923 797 2981 Praeterea
810 2928 920 2996 potest,
934 2921 1036 2980 etiam-
1052 2927 1069 2980 5

59 3005 84 3064 si
106 3021 167 3065 non
191 3006 245 3065 luit
265 3007 381 3080 grando
401 3007 485 3079 talis,
513 3008 582 3066 dum
599 3006 748 3078 defertur,
777 3002 992 3065 conrotundari
1008 3010 1037 3062 et

60 3089 170 3148 totiens
191 3104 247 3162 per
268 3089 399 3162 spatium
420 3090 499 3149 aeris
515 3091 601 3149 densi
618 3090 762 3149 devoluta
777 3089 977 3163 aequabiliter
992 3094 1034 3145 at-

59 3188 118 3245 que
141 3172 171 3230 in
193 3171 296 3231 orbern
316 3174 382 3230 teri.
418 3175 500 3246 quod
521 3173 572 3231 nix
589 3173 651 3248 pati
669 3189 728 3232 non
747 3179 862 3247 potest,
884 3172 1035 3246 quianon

38 3262 105 3340 ⁸est
126 3263 186 3314 tam
209 3255 323 3328 solida,
349 3257 439 3315 immo
462 3257 532 3333 quia
553 3262 612 3314 tarn
636 3259 705 3317 lusa
719 3264 767 3316 est
781 3265 811 3314 et
825 3272 885 3315 non
903 3270 958 3330 per
972 3271 1035 3312 nta-

56 3351 147 3411 gnam
163 3338 349 3397 altitudinem
365 3339 459 3413 cadit,
483 3339 538 3398 sed
555 3341 636 3398 circa
649 3347 746 3400 terras
762 3339 875 3399 initium
892 3337 958 3397 eius
974 3344 1036 3396 csta

57 3421 98 3482 ita
117 3437 179 3480 non
201 3421 322 3494 longius
343 3421 385 3480 illi
399 3438 455 3497 per
469 3425 555 3495 aera,
578 3424 631 3481 sed
649 3439 687 3481 ex
702 3425 842 3498 proximo
856 3424 962 3495 lapsus
979 3428 1035 3478 est.
