2364 3840
240 219 560 291 ΝΑΤΙΙΒ.911ΑΕΒΤ.
582 220 653 279 LlB.
668 221 720 280 lv.
742 221 878 283 PRAEF.
980 223 1042 288 241

65 371 224 445 exemplar
240 386 426 446 conponere.
450 371 521 432 Cum
539 371 606 446 quis
622 373 660 430 ad
673 379 702 431 te
716 373 855 434 adulator
866 376 1042 449 accesserit,

64 453 174 514 dicito:
207 454 280 527 „vis
296 462 327 514 tu
348 457 405 514 ista
425 456 533 525 verba,
558 471 636 529 quac
657 456 715 514 iam
737 458 775 516 ab
791 459 850 532 alio
865 459 1043 532 magistratu

67 538 106 597 ad
126 537 216 598 alium
232 553 300 597 cum
314 537 472 598 lictoribus
488 546 660 610 transeunt,
676 540 755 598 serre
770 541 810 599 ad
825 542 972 616 aliquem,
989 542 1041 615 qui

68 621 154 696 paria
169 622 303 680 tacturus
319 623 381 682 11111
397 622 543 698 quicquid
560 622 674 681 dixeris
691 625 817 683 audiret
843 641 900 699 ego
917 641 974 683 nec
989 625 1041 684 de-

67 705 171 778 cipere
190 706 260 762 1010
275 720 331 763 nec
347 704 447 779 decipi
463 721 599 779 possum.
628 707 744 766 laudari
760 723 807 765 me
822 725 840 766 a
856 708 959 781 vobis,
983 709 1041 768 nisi

67 787 232 847 laudaretis
248 786 338 845 etiam
354 788 467 860 malos,
483 790 620 846 vellem.“
642 789 718 861 Quid
733 798 831 850 autem
848 808 978 852 necesse
994 799 1042 852 est

67 872 97 930 in
117 869 178 929 hoc
202 871 404 942 descendere,
426 880 458 931 ut
480 880 508 931 te
532 879 634 944 petere
651 873 790 933 cominus
812 877 953 949 possint?
975 877 1040 936 lon-

66 971 137 1029 gum
152 953 300 1013 intervos
316 949 505 1013 intervallum
519 955 565 1012 sit.
589 955 660 1023 Cum
676 959 807 1030 cupieris
824 959 1084 1035 benelaudari,14

65 1053 162 1114 quare
183 1037 242 1095 hoc
256 1039 309 1098 ulli
327 1037 463 1097 debeas?
484 1039 551 1111 ipse
572 1044 601 1096 te
615 1040 715 1098 lauda.
739 1041 803 1098 dic:
825 1043 1038 1114 „Liberalibus

50 1124 115 1199 'me
130 1120 239 1181 studiis
255 1121 374 1181 tradidi.
399 1138 580 1196 quamquam
597 1129 763 1194 paupertas
778 1124 836 1182 alia
852 1127 996 1187 suaderet
1011 1135 1040 1188 et

10 1224 13 1231 ’
65 1205 220 1279 ingenium
234 1223 268 1266 eo
282 1206 422 1277 duceret,
438 1205 489 1266 ubi
504 1221 653 1278 praesens
669 1205 760 1264 studii
775 1207 901 1279 pretium
920 1217 981 1281 est,
999 1211 1039 1269 ad

65 1288 196 1364 gratuita
213 1290 347 1347 carmina
368 1304 415 1346 mc
434 1287 547 1349 deflexi
568 1297 598 1347 et
617 1290 657 1348 ad
679 1291 810 1348 salutare
825 1292 956 1351 studium
972 1294 1038 1365 phi-

65 1372 230 1445 losophiae
258 1388 305 1430 mc
331 1373 453 1432 contuli.
487 1371 613 1432 Ostendi
641 1373 671 1431 in
687 1387 776 1431 omne
798 1381 905 1446 pectus
929 1375 1081 1438 cadere15

65 1457 207 1515 virtutem
230 1463 259 1515 et
281 1457 429 1517 eluctatus
449 1457 593 1517 natalium
616 1456 772 1530 angustias
799 1473 856 1516 non
881 1465 964 1517 sorte
982 1473 1038 1530 me,

65 1539 124 1600 sed
147 1539 247 1603 animo
263 1555 387 1598 mensus
404 1556 459 1613 par
473 1539 613 1599 maximis
629 1541 708 1598 steti.
743 1539 810 1598 Non
832 1541 903 1599 mihi
919 1541 948 1598 in
967 1543 1038 1600 ami-

64 1623 136 1682 citia
152 1623 279 1682 Getulici
295 1623 342 1681 vel
359 1624 447 1682 Caius
463 1621 691 1696 fidenteripuit,
711 1640 772 1683 non
788 1625 816 1682 in
829 1626 954 1683 aliorum
971 1640 1038 1698 per-

63 1722 145 1766 sona
173 1706 333 1766 infeliciter
358 1714 525 1765 amatorum
550 1706 685 1765 Messala
711 1715 740 1766 et
765 1708 945 1782 Narcissus,
986 1708 1039 1768 diu

64 1789 179 1865 publici
196 1788 302 1849 hostes
317 1798 479 1864 antequam
498 1790 558 1859 sui,
581 1790 772 1863 propositum
787 1807 885 1850 meum
901 1800 1039 1852 avertere

63 1879 244 1948 potuerunt=
266 1874 416 1933 cervicem
439 1890 494 1947 pro
516 1873 577 1931 fide
598 1874 740 1946 opposui.
773 1875 886 1936 nullum
911 1876 1038 1934 verbum
1088 1879 1089 1882 ’

63 1955 151 2027 mihi,
174 1957 257 2030 quod
279 1974 340 2017 non
362 1956 448 2016 salva
464 1957 545 2016 bona
566 1957 754 2015 conscientia
769 1957 963 2030 procederet,
986 1975 1037 2015 ex—

64 2055 191 2102 cussum
203 2045 259 2099 est.
283 2056 339 2114 pro
352 2041 457 2101 amicis
471 2038 571 2099 omnia
583 2039 681 2108 timui,
696 2056 750 2112 pro
764 2057 811 2098 me
822 2040 909 2114 nillil,
929 2041 986 2100 nisi
1000 2057 1037 2099 ne

64 2138 173 2197 pamm
184 2122 284 2184 bonus
297 2124 411 2184 amicus
424 2124 559 2183 luissem.
581 2123 648 2182 Non
660 2123 731 2181 1111111
743 2125 905 2184 muliebres
922 2124 1081 2187 1111101016

63 2205 221 2279 lacrimae,
247 2224 308 2267 non
327 2224 344 2265 0
362 2208 500 2268 manibus
519 2205 609 2266 ullius
631 2208 763 2280 supplex
786 2209 933 2282 pependi.
964 2209 1036 2268 nihil

63 2288 243 2348 indecorum
259 2306 315 2349 nec
329 2291 411 2351 bono
427 2307 484 2349 nec
500 2291 564 2349 viro
587 2290 653 2349 leci.
680 2293 825 2364 periculis
840 2293 915 2351 meis
931 2295 1035 2364 maior,

64 2381 188 2448 paratus
204 2372 248 2432 ire
265 2374 294 2431 in
310 2391 365 2445 ea,
384 2391 462 2449 quae
477 2373 680 2446 minabantur,
699 2376 812 2447 gratias
828 2377 875 2448 egi
888 2377 1034 2446 lcnunae,

63 2455 148 2531 quod
170 2457 301 2531 experiri
320 2459 480 2528 voluisset,
500 2457 602 2532 quanti
624 2459 814 2516 aestimarem
837 2458 937 2515 fidem.
969 2459 1035 2517 Non

62 2539 197 2599 debebat
208 2540 278 2598 mihi
293 2556 387 2613 parvo
400 2557 449 2600 res
462 2549 543 2600 tanta
556 2549 710 2611 constare,
728 2556 783 2598 nec
794 2540 977 2598 examinavit
987 2556 1036 2598 me

64 2621 189 2697 quidem
205 2623 271 2682 diu:
293 2627 488 2699 nequeenim
504 2624 588 2698 paria
605 2623 793 2697 pendebant,
817 2630 915 2685 utrum
938 2623 1034 2682 satius

64 2712 150 2764 esset
169 2721 218 2764 me
242 2707 341 2780 perire
365 2724 419 2782 pro
437 2708 499 2766 fide
513 2723 552 2765 an
567 2708 659 2765 fidem
675 2722 730 2781 pro
747 2723 804 2765 me.
836 2705 901 2764 Nou
920 2707 1036 2780 praeci·
1046 2716 1079 2770 1‘l

63 2788 117 2864 piti
132 2789 238 2863 inpetu
251 2790 280 2847 111
296 2790 431 2852 ultimum
447 2790 620 2863 consilium,
638 2806 698 2870 quo
715 2806 763 2848 me
779 2790 928 2863 eriperem
943 2789 1036 2848 lurori

64 2871 247 2946 potentium,
272 2874 350 2932 misi.
385 2875 523 2932 videbam
544 2874 626 2946 apud
642 2873 742 2933 Caium
765 2881 927 2946 tormenta,
950 2872 1035 2932 vide-

64 2955 134 3014 bam
148 2953 246 3029 ignes.
278 2955 412 3016 sciebam
427 2957 497 3017 olim
518 2957 574 3016 sub
590 2957 641 3015 illo
658 2958 686 3014 in
703 2973 771 3016 eum
787 2963 897 3017 statum
912 2974 963 3016 res
980 2957 1034 3016 hu-

64 3054 171 3098 manas
194 3038 364 3108 decidisse,
391 3047 424 3099 ut
440 3042 515 3099 inter
533 3057 628 3114 opera
643 3040 872 3101 misericordiae
887 3040 1034 3100 haberen-

64 3130 112 3181 tur
134 3119 245 3181 occisi:
282 3139 342 3181 non
363 3130 463 3183 tamen
479 3124 558 3182 lerro
574 3124 696 3182 incubui
713 3124 813 3183 necin
830 3140 913 3183 mare
928 3132 1034 3199 aperto

65 3222 118 3265 ore
145 3205 269 3279 desilui,
297 3222 335 3264 ne
362 3208 482 3271 viderer
508 3223 562 3280 pro
587 3208 648 3266 srde
673 3214 786 3269 tantum
807 3208 882 3268 mori
907 3214 1033 3282 posse.“

64 3289 162 3348 Adice
177 3303 258 3347 nunc
275 3290 418 3350 invictum
433 3291 607 3350 muneribus
621 3291 753 3350 animum
768 3298 797 3350 et
818 3292 847 3351 in
864 3299 946 3351 tanto
963 3298 1079 3351 ava-18

64 3371 151 3432 ritiae
163 3372 324 3431 certamine
336 3389 499 3448 numquam
508 3374 698 3448 suppositam
709 3391 829 3434 manum
840 3378 933 3434 lucro.
947 3374 1035 3433 adice

64 3471 145 3515 nunc
162 3471 285 3530 quoque
301 3458 399 3516 victus
416 3456 647 3532 parsimoniam,
669 3457 819 3518 sermonis
841 3457 1031 3528 modestiam,

107 3559 292 3597 0111010101.
311 3543 342 3597 Il.
840 3547 874 3601 16
