2364 3840
231 201 373 262 NATUR.
395 198 712 274 QUAEST.LtB.111.
742 209 872 261 11—15.
975 197 1036 261 221

60 357 188 429 quartas
201 308 346 410 redactus
362 355 423 420 est,
443 349 487 408 sic
503 350 637 422 positus,
659 357 693 407 ut
706 348 850 408 sulficere
864 347 1039 409 fluminibus

59 434 208 505 edendis,
225 433 361 506 utrivis,
378 440 411 493 ιιι
428 433 563 491 tontibus
581 432 690 506 possit.

123 518 206 578 XIV.
229 516 313 591 Quae
329 516 467 591 sequitur
480 515 612 574 Thaletis
630 517 735 590 inepto
749 514 901 574 sententia
915 522 973 573 est
1000 514 1070 578 aitt

60 602 142 662 enim
158 608 305 661 terrarum
322 598 427 659 orbem
447 615 528 673 aqua
543 598 686 658 sustineri
701 607 730 658 et
744 597 815 657 uehi
830 613 915 658 more
930 598 1041 672 navigii

62 684 291 758 mobilitateque
311 682 378 742 eius
399 681 547 743 fluctuare
567 690 653 756 tunc,
681 698 749 742 cum
772 681 882 742 dicitur
901 687 1040 741 tremere.

62 785 124 829 non
140 774 190 827 est
203 780 277 840 ergo
293 765 415 838 mirum,
444 764 471 824 si
486 764 620 827 abundet
632 765 759 826 humore
773 765 811 824 ad
829 764 955 824 flumina
969 779 1040 839 pro-

63 850 238 923 lundenda,
256 864 324 908 cum
338 849 367 907 in
382 847 510 908 humore
526 849 565 908 sit
581 857 672 910 totus.
694 850 780 909 Hanc
795 858 929 910 veterem
945 854 976 908 et
989 865 1039 907 ru·
1055 857 1073 909 t

63 936 134 994 dem
155 933 335 992 sententiam
357 932 498 1006 explode.
532 948 588 991 nec
603 940 665 1005 est,
692 932 774 1008 quod
789 933 899 992 credas
914 933 944 991 in
960 932 1042 991 hunc

63 1018 170 1077 orbem
182 1032 293 1090 aquam
306 1015 410 1075 subire
420 1031 476 1091 per
483 1015 575 1074 rimas
586 1023 616 1074 et
627 1016 727 1075 lacere
735 1017 892 1075 sentinam.
902 1014 1041 1091 ††Mare
1053 1022 1072 1076 3

62 1117 157 1161 unum
179 1108 240 1172 est,
267 1100 306 1158 ab
327 1099 410 1158 initio
433 1097 551 1159 scilieet
565 1097 606 1158 ita
623 1100 827 1160 constitutum.
859 1099 951 1158 habet
966 1114 1040 1159 suas

62 1199 176 1255 uenas,
193 1181 305 1257 quibus
320 1182 452 1257 inpletur
463 1189 554 1255 atque
566 1188 694 1242 aestuat.
716 1181 875 1255 Quomodo
888 1183 980 1241 maris
995 1183 1040 1241 sic

63 1273 93 1326 et
107 1280 208 1342 aquae
223 1265 313 1325 huius
325 1266 453 1325 mitioris
468 1265 571 1325 abdita
586 1274 634 1325 est
646 1265 753 1341 virium
765 1265 858 1325 ratio:
874 1272 987 1324 tantum
1002 1279 1041 1322 ex

63 1351 130 1423 illa,
159 1357 306 1424 quantum
329 1365 451 1423 semper
470 1347 567 1408 lluere
588 1365 668 1424 opus
690 1349 743 1421 sit,
769 1348 921 1407 emittitur.
956 1355 1042 1407 vasta

62 1433 156 1492 maris
176 1432 206 1490 in
229 1434 348 1493 occulto
370 1433 420 1491 via
440 1439 502 1505 est,
525 1449 617 1508 quam
640 1433 751 1493 nullius
774 1430 909 1491 fluminis
931 1445 1042 1491 cursus

63 1516 234 1576 exhauriet.

123 1599 191 1658 XV.
214 1596 400 1671 Quaedam
423 1616 469 1658 ex
490 1599 583 1660 istis
607 1606 710 1669 sunt,
733 1598 877 1672 qulbus
899 1597 1070 1660 adsen·l

62 1681 382 1757 tirepossumns,
405 1681 918 1756 sedhocampliuscenseo:
942 1685 1042 1756 placet

61 1774 172 1827 natura
197 1766 261 1840 regi
289 1773 398 1825 terram
425 1765 598 1840 etquidem
620 1766 660 1823 ad
681 1780 844 1840 corporum
865 1774 1040 1826 nostrorum

61 1850 236 1923 exemplar,
251 1848 281 1908 in
299 1848 410 1922 quibus
426 1856 456 1908 et
473 1863 570 1907 venae
585 1854 700 1907 suntet
715 1848 857 1918 arteriae,
879 1847 948 1906 illae
970 1864 1040 1906 san-

58 1932 181 2008 guinis,
202 1930 262 1990 hae
284 1932 410 2006 spiritus
433 1932 640 2006 receptacula.
676 1931 705 1988 in
728 1936 810 1989 terra
829 1946 955 2005 quoque
970 1936 1042 1988 sunt

61 2016 122 2075 alia
141 2014 262 2088 itinera,
287 2031 342 2091 per
363 2011 441 2090 quae
457 2031 553 2089 aqua,
576 2014 648 2087 alia,
666 2029 720 2088 per
736 2029 814 2086 quae
831 2014 958 2088 spiritus
973 2028 1041 2071 cur-

60 2099 113 2170 rit,
135 2098 277 2173 adeoque
293 2098 332 2158 ad
347 2098 573 2159 similitudinem
589 2097 640 2157 illa
660 2096 863 2159 humanorum
877 2112 1041 2171 corporum

59 2188 171 2242 natura
191 2181 346 2255 formavit,
372 2190 406 2242 ιιι
425 2183 557 2242 maiores
574 2196 698 2256 quoque
714 2183 810 2241 nostri
822 2197 971 2256 aquarum
987 2180 1039 2239 ad-

60 2265 243 2340 pellaverint
266 2281 396 2327 venas.
430 2265 493 2326 Sed
514 2267 592 2325 siout
608 2265 636 2324 in
653 2265 743 2326 nobis
758 2282 818 2325 non
837 2273 952 2326 tantum
967 2270 1069 2323 san-2

60 2346 131 2423 guis
147 2356 209 2422 est,
228 2349 284 2407 sed
299 2351 390 2408 multa
406 2365 519 2422 genera
533 2349 684 2420 humoris,
707 2351 766 2408 alia
781 2349 966 2419 necessarii,
981 2347 1041 2405 alia

61 2432 197 2506 corrupti
212 2447 249 2490 ac
265 2433 357 2506 paulo
370 2433 491 2507 quidem
504 2431 689 2506 pinguioris,
709 2433 738 2490 in
755 2434 855 2506 capite
871 2431 1040 2502 cerebrum,

59 2514 91 2574 in
104 2514 231 2575 ossibus
245 2516 408 2586 medullae,
426 2516 505 2575 muci
517 2516 693 2588 salivaeque
708 2523 739 2574 et
752 2515 894 2574 lacrimae
910 2520 940 2571 et
953 2512 1040 2585 quid·

60 2599 133 2656 dam
156 2597 291 2658 additum
311 2599 459 2672 articulis,
483 2615 539 2673 per
554 2599 638 2673 qnod
661 2597 750 2657 eitius
766 2595 927 2656 flectantur
942 2609 981 2652 ex
996 2595 1041 2653 lu·

59 2679 163 2754 brico,
180 2680 268 2740 sicin
283 2688 363 2740 terra
376 2697 500 2756 quoque
516 2689 586 2742 sunt
596 2680 733 2740 humoris
748 2681 898 2753 conplura
911 2693 1040 2751 genera:

62 2764 215 2839 quaedam
232 2780 311 2839 quac
326 2773 441 2824 mature
457 2765 617 2824 durentur:
640 2762 712 2822 hinc
727 2771 775 2822 est
790 2762 889 2822 omnis
904 2761 1073 2820 metallo-3

60 2864 127 2908 rum
150 2848 278 2922 liumus,
306 2863 344 2907 ex
367 2848 479 2923 quibus
495 2849 570 2922 petit
582 2863 690 2906 aurum
708 2853 927 2920 argentumque
943 2844 1038 2903 avari·

60 2932 116 3004 tia,
133 2938 164 3003 et
180 2946 261 3007 quae
276 2931 305 2990 in
319 2932 452 3005 lapidem
470 2947 510 2991 ex
525 2932 644 3005 liquore
654 2936 821 2989 vertuntur.
845 2928 876 2988 in
888 2928 1039 3002 quaedam

61 3031 135 3076 vero
151 3023 234 3075 terra
249 3014 419 3090 humorque
435 3020 628 3089 putrescunt,
653 3012 733 3071 sicut
746 3013 878 3072 bitumen
894 3019 924 3072 et
938 3018 1040 3071 cetera

61 3095 131 3158 huic
153 3097 273 3160 similia.
305 3098 387 3157 Haec
409 3106 457 3159 est
478 3114 572 3157 causa
594 3112 741 3172 aquarum
758 3097 924 3157 secundum
941 3096 1038 3168 legem

62 3188 188 3242 naturae
199 3182 450 3255 voluntatemque
462 3183 661 3247 nascentum.
686 3179 823 3240 Ceterum
836 3187 869 3240 ut
882 3181 911 3238 in
925 3178 1039 3237 nostris
1054 3184 1071 3236 4

62 3264 262 3341 corporibus,
286 3263 327 3322 ita
347 3262 377 3322 in
399 3265 450 3324 illa
472 3279 566 3338 saepe
587 3265 732 3326 humores
754 3265 826 3323 vitia
849 3263 1037 3336 concipiunt:

61 3355 111 3407 aut
130 3350 212 3409 ictus
236 3353 290 3408 aut
305 3349 462 3421 quassatio
478 3348 581 3422 aliqua
599 3355 651 3408 aut
666 3349 725 3407 loci
740 3348 859 3407 senium
875 3352 927 3404 aut
941 3345 1038 3416 frigus

61 3440 110 3492 aut
131 3437 240 3492 aestus
264 3446 431 3506 corrupere
453 3437 598 3491 naturam.
633 3439 664 3491 et
680 3429 870 3504 sulphuratio
887 3424 1040 3487 contraxit
