2364 3840
112 176 133 239 6
400 176 433 234 L.
456 176 602 234 nunant
624 176 799 247 SENECAE

84 327 232 404 aaliquid
250 327 382 398 videtur,
405 327 524 401 pungit,
548 342 609 389 non
632 328 777 401 perlorat.
815 328 875 388 llic
901 345 976 388 vero
1002 332 1091 407 quad

115 428 241 473 acumen
258 417 325 471 est?
361 410 869 470 debenelieiisdicendum
887 419 947 471 est
968 421 1005 474 et
1035 431 1090 475 on

116 495 383 565 dirundam,
408 509 503 566 quae
523 493 682 552 maxime
702 492 1090 558 humanamsocieta·

115 587 190 639 tem
211 577 372 650 adligat.
401 575 503 634 dmtda
515 576 564 634 lex
579 576 674 649 vitae,
702 591 740 634 ne
756 578 813 636 sub
829 579 935 652 specie
948 579 1091 654 benigni·

115 663 184 722 tatis
201 660 373 720 inconsulta
390 656 521 718 facilitas
534 661 653 733 placeat
666 674 723 718 nec
744 660 967 733 liberalitatem,
994 679 1090 736 quam

116 761 173 805 neo
189 746 301 804 deesse
317 749 437 817 oportet
451 757 507 800 nee
526 741 732 816 superfluere,
755 742 831 803 haec
854 745 925 818 ipsa
939 745 1089 807 observa·

84 829 157 894 atio
173 828 348 900 restringat,
372 825 443 884 dum
458 832 613 899 tennperat.
643 825 775 885 docendi
795 835 866 887 suut
887 828 1019 888 libenter
1038 845 1090 889 ac·

116 911 235 985 cipere,
264 910 391 968 libenter
404 908 535 969 reddere
550 916 579 968 et
593 924 737 983 magnum
752 908 828 983 ipsis
845 916 1000 973 cermmen
1016 928 1090 986 pro·

117 1009 248 1070 ponere,
271 1007 329 1052 eos
348 992 458 1066 quibus
480 991 604 1066 obligati
626 998 698 1051 sunt
715 994 928 1068 reanimoque
943 1010 1009 1055 non
1022 1003 1089 1055 tan-

115 1087 177 1138 turn
193 1091 342 1150 aequare,
364 1075 419 1133 sed
432 1074 574 1134 vincere:
598 1075 670 1149 quia
686 1075 737 1149 qui
754 1077 873 1139 taleme
883 1078 1014 1151 gretiam
1034 1079 1090 1139 de,-

115 1162 181 1234 bet,
202 1174 369 1233 numquam
383 1159 597 1233 consequitur,
616 1158 675 1216 nisi
701 1161 879 1232 praecessit.
906 1159 939 1219 lti
953 1160 1089 1223 docendi

84 1255 102 1307 4
116 1251 186 1303 sunt
201 1242 275 1301 nibil
289 1245 442 1317 inputare,
464 1241 506 1301 illi
528 1243 601 1316 plus
621 1241 744 1304 debere.
774 1243 825 1302 ad
839 1243 918 1302 hanc
932 1242 1089 1305 henestm

117 1328 223 1387 sinnam
238 1325 464 1385 contentionem
477 1323 639 1384 beneflciis
649 1323 800 1384 beneficia
814 1326 956 1391 vincendi
969 1328 1019 1387 sic
1029 1342 1090 1389 uos

117 1411 294 1469 adhortatur
310 1408 519 1484 Chrysippus,
540 1415 573 1466 nl
588 1407 669 1468 dicat
681 1409 845 1468 verendum
856 1424 927 1469 esse
947 1425 998 1481 ne,
1017 1412 1091 1485 quia

117 1494 253 1552 Charites
268 1492 353 1551 lovis
366 1491 446 1549 tiliae
462 1498 547 1563 sunt,
569 1506 676 1565 parum
691 1506 726 1551 se
740 1500 825 1564 grate
838 1507 949 1565 gerere
962 1494 1088 1553 sacrile-

85 1589 101 1640 5
117 1577 199 1650 glum
221 1575 261 1633 sit
281 1581 311 1634 et
325 1581 384 1632 tam
406 1574 492 1632 bellis
510 1575 617 1648 puellis
632 1573 686 1632 fiat
705 1574 823 1634 iniuria.
851 1576 955 1635 Tame
970 1575 1092 1652 miquid

117 1674 224 1718 eorum
239 1657 332 1729 doce,
347 1672 401 1731 per
416 1671 495 1730 quae
507 1657 726 1716 beneficentior
742 1658 921 1733 gratiorque
932 1660 1092 1721 adversos

116 1743 196 1802 bene
210 1747 360 1798 merentes
377 1740 465 1811 liam,
483 1755 539 1813 per
559 1755 637 1814 quae
657 1739 854 1813 obligantium
869 1742 1091 1816 obligatarum·

117 1841 179 1899 que
192 1823 283 1882 anuni
298 1829 425 1895 certent,
441 1823 537 1896 utqui
549 1821 764 1897 praestiterunt
776 1824 1005 1898 obliviscantur,
1021 1842 1092 1901 per-

116 1909 201 1986 tinax
215 1909 253 1967 sit
269 1905 415 1967 memoria
430 1906 615 1965 debentium
641 1907 720 1966 istae
737 1922 811 1968 vero
835 1908 969 1982 ineptiae
986 1911 1091 1984 poetis

115 1993 340 2066 relinquantur,
361 1988 476 2064 quibus.
491 2005 581 2049 aures
598 1990 752 2050 oblectare
772 1990 965 2066 propositum
987 2000 1037 2053 est
1063 2001 1093 2054 et

85 2085 102 2138 6
117 2076 237 2134 dulcem
251 2073 384 2132 fabulam
406 2079 536 2131 nectere.
567 2080 597 2131 at
611 2074 663 2146 qui
683 2073 805 2148 ingenia
818 2089 930 2134 sanare
944 2083 976 2135 et
995 2076 1093 2137 fidem

117 2159 147 2216 in
161 2157 254 2217 rebus
268 2155 408 2214 humanis
419 2155 559 2227 retinere,
574 2157 751 2216 memoriam
762 2157 933 2219 oilioiornm
947 2159 1092 2234 ingerere

117 2240 225 2299 animis
244 2240 365 2310 volunt,
388 2237 469 2298 serio
485 2240 648 2314 loquantur
664 2247 694 2299 et
707 2240 826 2315 magnis
843 2241 961 2302 viribne
981 2249 1091 2316 agente

117 2322 177 2382 nisi
192 2324 270 2383 forte
285 2321 441 2381 existimas
455 2323 515 2381 levi
535 2338 571 2381 ao
587 2323 728 2384 fabuloso
744 2339 886 2385 sermone
907 2333 938 2385 et
956 2324 1091 2389 anilibus

118 2404 303 2479 argumentis
324 2405 478 2480 prohiberi
501 2422 597 2481 posse
617 2423 680 2466 rem
702 2407 1012 2482 perniciosissimam,
1036 2408 1091 2471 be-

117 2489 296 2549 neficiorum
311 2505 409 2549 novas
425 2487 553 2552 tabulae.

87 2592 101 2642 1
177 2573 215 2630 V.
238 2571 298 2632 Sed
312 2573 568 2646 quemadmodum
586 2589 781 2646 supervacua
799 2581 1023 2647 transcmram,
1051 2577 1092 2642 ita

116 2671 304 2729 exponam
324 2671 491 2716 necesse
517 2665 579 2717 est
598 2656 670 2715 hoo
692 2655 846 2731 primurn
867 2657 1093 2721 nohiseese

116 2738 349 2812 discendum,
366 2740 454 2813 quid
470 2746 633 2812 accepto
649 2739 843 2800 beneficio
861 2739 1092 2805 debeamus:

116 2821 189 2880 dicit
203 2821 281 2880 enirn
297 2822 409 2881 debere
423 2838 457 2881 se
477 2823 554 2881 alius
569 2823 728 2895 pecuniam
741 2840 833 2898 quam
850 2825 987 2898 aceepit,
1009 2826 1091 2889 alirn

117 2906 316 2976 consulatum,
330 2907 406 2964 alius
419 2906 633 2978 sacerdotium,
647 2906 725 2966 alius
738 2907 937 2981 provinciam.
963 2909 1027 2971 ieta
1036 2926 1092 2971 au·

84 3000 102 3053 a
116 2994 175 3047 lem
188 2996 256 3048 sunt
265 2989 440 3048 meritorum
453 2989 555 3063 signa,
574 3005 634 3049 non
646 2990 761 3053 merita.
776 2991 843 3050 Non
856 2997 959 3064 potest
970 2990 1091 3060 benefi-

117 3070 196 3130 cinnr
209 3089 300 3132 manu
312 3073 395 3146 tangi
409 3072 466 3131 sed
485 3073 584 3131 animo
596 3072 718 3144 geritur.
744 3076 905 3135 multum
917 3073 1093 3141 interest

115 3154 426 3215 intermateriam
446 3154 952 3216 beneficiietbenetioium.
982 3158 1092 3235 itaque

115 3254 171 3297 nec
183 3254 290 3297 aurum
301 3252 359 3296 nec
370 3243 528 3310 argentum
542 3253 599 3298 neo
615 3237 779 3312 quiequam
794 3255 917 3312 eorum,
932 3257 1019 3314 quae
1032 3258 1091 3320 pro

114 3320 254 3380 maximis
267 3320 471 3395 accipiuntur,
492 3321 726 3381 beneficium
743 3330 814 3395 est,
838 3323 895 3382 sed
915 3321 1008 3398 ipsa
1026 3328 1091 3389 tri·

114 3403 270 3462 buentis
293 3404 483 3466 voluntas.
513 3405 632 3478 inperiti
654 3405 799 3465 autemid
817 3405 900 3481 quod
916 3408 1021 3471 oeulis
1038 3426 1093 3473 oe·
