2364 3840
119 180 184 244 254
410 182 444 240 L.
466 181 613 240 ANNAEl
635 180 810 241 SENECAE

121 334 258 408 trigoris,
282 350 372 407 quam
395 342 426 392 ut
446 334 475 391 in
492 349 603 408 aquam
618 335 666 392 vel
680 334 808 393 imbrem
822 341 973 408 transeat,
993 344 1024 395 et
1044 337 1095 396 mi-

83 408 91 422 ’
119 434 193 491 nus,
214 434 306 492 quam
325 426 359 477 ut
378 418 502 477 duretur
523 417 553 476 in
571 417 764 491 grandinem:
792 418 852 478 hoc
867 418 968 479 medio
986 419 1096 494 frigora

120 517 181 560 non
198 500 286 560 nimis
302 502 416 560 intento
432 492 519 559 niies
534 501 610 560 fiunt
624 500 739 560 coactis
755 502 854 576 aquis.

88 596 103 645 1
182 585 259 643 Xlll.
282 585 387 658 „Quid
402 585 492 655 istas,
515 585 633 659 inquis,
655 584 801 659 ineptias,
825 584 938 659 quibus
953 586 1098 647 literatior

120 675 168 728 est
183 669 329 742 quisque,
347 685 407 727 non
423 668 544 741 melior,
560 675 619 726 tam
634 682 767 741 operose
780 668 1001 743 persequeris?
1022 686 1093 743 quo·

119 753 211 811 modo
233 752 307 810 fiant
328 752 414 810 nives
437 750 530 822 dicia,
555 768 624 809 cum
644 753 736 810 multo
758 752 856 826 magis
876 752 917 810 ad
932 768 992 812 nos
1006 751 1097 812 dicia

119 844 148 895 te
164 837 327 909 pertineat,
350 849 469 907 quare
489 835 674 893 emendae
697 850 769 895 non
792 833 1030 895 sintnives.“
1051 837 1096 894 lu-

119 918 175 977 bes
197 934 245 977 me
267 925 300 978 tu
322 933 401 976 cum
423 917 579 976 luxuria
599 918 736 991 litigaret
767 917 952 978 cotidianum
966 918 1051 979 istud
1069 926 1097 979 et

119 1001 187 1060 sine
202 1000 312 1060 ellectu
327 1001 455 1074 iurgium
472 1008 529 1060 est.
557 1001 757 1074 litigemus
771 1008 887 1074 tamen,
903 1009 949 1075 et,
966 1003 992 1061 si
1004 1018 1093 1076 supe

86 1084 179 1145 nrior
204 1085 305 1143 lutura
330 1091 391 1157 est,
416 1091 587 1158 pugnantes
612 1099 648 1142 ao
669 1085 853 1144 reluctantes
872 1084 987 1145 vincat
1021 1085 1095 1158 oud

119 1174 233 1241 porrot
265 1167 343 1226 hanc
364 1169 464 1241 ipsam
484 1167 705 1242 inspectionem
726 1175 853 1226 naturae
875 1167 949 1226 nibil
976 1167 1093 1228 iudicas

118 1252 213 1322 adid,
231 1252 389 1327 quodvis,
404 1252 565 1311 conferret
586 1267 655 1310 cum
667 1251 859 1325 quaerimus,
875 1252 1034 1326 quomodo
1045 1252 1094 1311 uix

118 1335 184 1406 liat,
211 1344 241 1396 et
266 1336 394 1394 dicimus
410 1336 491 1393 illam
513 1335 640 1408 pruinae
661 1333 775 1392 habere
797 1334 925 1394 similem
948 1342 1094 1409 naturam,

118 1421 188 1492 plus
211 1419 251 1477 illi
272 1419 398 1493 spiritus
422 1435 513 1490 quam
530 1433 629 1492 aquae
645 1419 765 1488 inesse,
787 1433 850 1477 non
872 1423 963 1493 putas
985 1433 1094 1493 expro-

118 1502 199 1560 brari
215 1502 288 1573 itlis,
305 1517 373 1561 cum
389 1516 490 1559 emere
505 1515 617 1576 aquam
632 1508 721 1575 turpe
736 1501 789 1571 sit,
807 1501 834 1560 si
847 1516 886 1559 ne
901 1516 1015 1577 aquam
1030 1501 1093 1576 qui-

85 1585 187 1650 adem
204 1591 326 1643 emuntt
344 1584 408 1643 Nos
422 1599 497 1642 vero
514 1600 697 1658 quaeramus
714 1583 831 1658 potius,
849 1585 1006 1659 quomodo
1022 1584 1095 1644 liant

118 1670 205 1727 nives
227 1683 318 1741 quam
340 1668 496 1741 quomodo
522 1676 696 1738 serventur,
719 1667 864 1742 quoniam
883 1684 947 1728 non
962 1667 1094 1728 contenti

117 1751 189 1809 vina
202 1749 390 1824 diffundere,
413 1743 563 1810 veteraria
577 1767 632 1825 per
648 1766 778 1824 sapores
793 1757 974 1826 aetatesque
989 1752 1093 1827 dispo-

119 1850 192 1894 nere
210 1836 395 1908 invenimus,
418 1835 574 1909 quomodo
594 1833 777 1909 stiparemus
798 1833 914 1908 nivem,
936 1842 971 1896 ut
992 1850 1031 1895 ea
1045 1850 1093 1894 ae

119 1928 226 1978 statem
249 1918 456 1997 evinceretet
481 1926 588 1978 contra
612 1918 681 1977 anni
706 1918 857 1977 terrorem
878 1917 1095 1979 defenderetur

118 2003 177 2062 loci
193 2004 314 2076 frigore.
338 2003 416 2077 Quid
431 2001 488 2061 hac
504 2001 659 2076 diligentia
670 2002 827 2061 consecuti
839 2008 971 2062 sumus?
985 2016 1094 2076 nempe

119 2093 151 2144 ut
165 2087 325 2158 gratuitam
340 2101 510 2145 mercemur
524 2102 645 2160 aquam.
667 2083 762 2143 Nobis
778 2086 875 2159 dolet,
902 2086 989 2161 quod
1005 2084 1092 2161 spiri·
1129 2105 1132 2108 ⁴

117 2175 195 2238 tum,
222 2169 306 2240 quod
328 2184 429 2227 emere
452 2170 548 2227 solem
572 2185 632 2228 non
654 2184 835 2241 possumus,
865 2169 952 2243 quod
971 2169 1024 2229 bic
1042 2183 1093 2228 aer

118 2251 207 2308 etiam
223 2249 359 2310 delicatis
376 2250 581 2325 divitibusque
596 2267 634 2310 ex
651 2252 744 2322 lucili,
767 2268 828 2310 non
842 2258 981 2327 emptus,
1003 2251 1092 2313 venit

119 2331 142 2391 0
158 2348 249 2407 quarn
264 2332 354 2393 nobis
370 2334 447 2393 male
465 2341 526 2405 est,
549 2335 631 2408 quod
649 2333 812 2409 quicquam
835 2352 852 2393 a
868 2351 970 2395 rerum
986 2343 1093 2395 natura

84 2416 146 2476 tin
172 2416 274 2477 medio
299 2419 435 2477 relictum
460 2425 522 2477 est!
557 2417 623 2477 Hoc
641 2419 724 2493 quod
750 2418 802 2477 illa
823 2415 920 2478 fluere
939 2426 971 2479 et
990 2426 1093 2494 patere

118 2501 258 2562 omnibus
274 2502 383 2575 voluit,
399 2502 486 2560 cuius
501 2501 642 2561 haustum
662 2501 741 2560 vitae
759 2501 914 2575 publicum
932 2502 1020 2577 lecit,
1034 2501 1092 2561 boc

118 2586 200 2660 quod
227 2593 288 2645 tam
314 2584 429 2646 homini
455 2601 546 2660 quam
567 2585 639 2644 teris
660 2585 831 2659 avibusque
851 2592 883 2645 et
901 2584 1092 2645 inertissimis

117 2669 297 2729 animalibus
314 2671 344 2728 in
360 2686 450 2730 usum
464 2670 548 2743 large
563 2683 600 2726 ac
613 2667 702 2728 beate
713 2668 862 2742 proludit,
878 2673 986 2729 eontra
1001 2684 1036 2729 se
1050 2668 1089 2728 in·

116 2753 245 2825 geniosa
264 2753 385 2812 luxuria
405 2752 523 2827 redegit
544 2752 584 2811 ad
607 2752 751 2826 pretium:
774 2752 854 2812 adeo
874 2751 918 2811 illi
940 2751 1014 2811 nihil
1030 2753 1092 2826 pla·

117 2851 187 2894 cere
205 2841 306 2908 potest
320 2836 379 2896 nisi
394 2851 506 2896 carum.
539 2835 640 2894 Unum
661 2834 721 2893 hoc
736 2843 815 2907 erat,
838 2834 923 2910 quod
938 2832 1091 2895 divitesin

116 2933 249 2993 aequum
271 2916 379 2977 turbae
399 2920 578 2991 deduceret,
601 2935 662 2993 quo
683 2933 743 2977 non
754 2926 889 2992 possent
908 2918 1092 2979 antecedere

115 3001 357 3077 pauperrimum
384 3001 427 3060 illi
451 3002 497 3060 cui
519 3001 642 3062 divitiae
663 3003 810 3062 molestae
826 3007 913 3078 sunt,
938 3001 1092 3076 excogita·

115 3094 179 3145 tum
200 3093 261 3158 est,
288 3084 544 3156 quemadmodum
569 3087 658 3146 etiam
685 3093 809 3159 caperet
829 3101 910 3160 aqua
930 3084 1090 3146 luxuriam.

84 3180 101 3233 5
117 3169 244 3242 Quando
266 3168 305 3226 ad
326 3165 385 3225 hoo
404 3176 583 3241 perventum
599 3170 652 3242 sit,
673 3177 707 3230 ut
720 3170 803 3230 nulla
817 3168 908 3228 nobis
923 3184 1005 3244 aqua
1019 3167 1091 3227 satis

116 3251 226 3326 frigida
241 3250 395 3309 videretur
410 3265 489 3324 quae
503 3250 625 3326 flueret,
647 3253 755 3314 dicam.
787 3252 938 3327 Quamdiu
951 3267 1050 3314 sanus
1065 3257 1093 3309 et

118 3333 248 3396 salubris
269 3331 327 3393 cibi
348 3347 448 3406 capax
467 3334 641 3395 stomachus
657 3344 704 3396 est
718 3339 925 3412 inpleturque‚
947 3352 1009 3395 non
1025 3347 1092 3409 pre·

117 3419 223 3493 mitur,
246 3416 433 3478 natmalibus
447 3417 589 3476 fomentis
605 3427 764 3481 contentus
780 3427 841 3481 est=
863 3420 916 3479 ubi
932 3414 1100 3498 cotidianis*
