2364 3840
302 202 353 261 DE
374 201 589 262 BENEFlCllS
609 202 681 264 LIB.
694 204 716 262 1.
739 212 853 266 7-10.
1045 202 1066 264 0

92 354 179 434 tur]‚
199 352 551 429 prospiciendum*
575 354 1066 415 Callidusnondifficilemaditum

93 439 234 513 praebuit
253 438 406 497 inmodica
422 437 613 511 cupientibus
629 453 765 512 spesque
779 438 927 511 inprobas
942 439 1016 497 nihil
1033 455 1066 497 re

90 521 251 581 adiuturus
263 520 367 580 verbis
380 521 472 580 fot‘et.
501 521 542 580 At
554 519 654 594 peior,
671 520 796 595 opinor,
811 521 839 579 si
850 519 953 594 lingua
965 537 1065 596 asper,

90 606 177 664 voltu
193 604 297 678 gravis
313 620 381 663 cum
395 604 510 662 invidia
525 604 675 663 fortunam
688 620 774 663 suam
785 604 940 678 explicuit.
965 607 1067 663 colunt

92 688 173 746 enim
195 688 445 761 detestanturque
465 687 584 746 felicem
600 694 643 757 et,
667 686 693 745 si
708 688 876 761 potuerint,
900 687 1006 746 eadem
1023 685 1078 746 fa-¹

92 771 178 843 etun,
194 772 289 830 odere
301 772 469 829 facientem.
479 768 531 806 ***
552 769 736 844 Coniugibus
749 771 857 830 alienis
869 772 1095 845 neclamqui-3

91 856 176 928 dem,
192 856 248 914 sed
261 863 365 928 aperte
377 854 508 913 ludibrio
520 852 611 913 aditis
623 869 697 913 suas
710 855 777 913 aliis
794 855 970 929 permisere.
1004 855 1066 914 Ru-

91 939 203 1009 sticus,
227 938 410 997 inhumanus
431 952 467 996 ac
488 937 559 996 mali
580 938 674 997 moris
690 945 720 997 et
733 938 809 997 inter
823 946 977 998 matronas
994 938 1066 997 abo-

90 1021 236 1080 minanda
257 1021 397 1080 condicio
420 1026 482 1094 est,
503 1021 529 1079 si
552 1020 621 1095 quis
644 1022 803 1096 coniugem
825 1037 913 1080 suam
938 1023 968 1081 in
992 1023 1067 1080 sella

91 1111 234 1179 prostare
254 1106 347 1164 veluit
362 1114 392 1164 et
405 1106 496 1178 volgo
513 1103 656 1163 admissis
671 1104 897 1180 inspectoribus
912 1105 983 1164 vehi
1000 1120 1065 1178 per-

92 1187 232 1261 spicuam
251 1188 396 1262 undique.
432 1186 465 1246 Si
486 1189 555 1261 quis
575 1189 657 1247 nulla
671 1203 705 1246 se
720 1189 817 1247 amica
832 1188 902 1247 fecit
916 1187 1095 1261 insiguemf

91 1286 149 1329 nec
164 1270 279 1329 alienae
296 1273 383 1331 uxori
398 1288 530 1330 annuum
545 1278 693 1345 praestat,
709 1271 790 1330 hunc
803 1277 958 1330 matronae
969 1271 1065 1330 humi-

91 1435 341 1496 decentissimum
357 1438 584 1512 sponsaliorum
600 1454 696 1512 genus
713 1445 760 1498 est
774 1438 963 1497 adulterium.
992 1444 1021 1496 et
1036 1437 1065 1495 in

91 1535 249 1580 consensu
268 1521 353 1579 vidui
374 1521 541 1581 caelibatus
564 1537 653 1581 nemo
675 1537 801 1581 uxorem
817 1521 916 1591 duxit,
939 1518 999 1579 nisi
1015 1520 1066 1594 qui

90 1603 227 1663 abduxit.
263 1603 325 1661 Iam
339 1611 428 1677 rapta
442 1621 602 1678 spargere,
626 1621 735 1680 sparsa
746 1607 815 1665 ucri
828 1604 954 1664 avaritia
968 1605 1053 1663 recol

89 1687 185 1758 ligere
195 1692 317 1744 certant.
330 1687 402 1745 nihil
412 1687 630 1763 pensihabere,
640 1696 848 1762 paupertatem
857 1687 985 1746 alienam
994 1702 1063 1746 eon

90 1778 241 1838 temnere,
257 1783 344 1825 suam
357 1773 445 1842 [plus]
459 1787 549 1844 quam
561 1772 655 1829 ullum
669 1771 749 1829 aliud
761 1771 860 1830 vereri
870 1770 991 1830 malum.
1014 1787 1065 1844 pa-

91 1865 159 1910 cem
170 1849 288 1908 iniuriis
300 1851 488 1923 perturbare.
511 1851 715 1911 inbecilliores
728 1856 757 1909 vi
770 1868 805 1910 ac
817 1859 898 1912 metu
910 1868 1065 1927 premere:

89 1949 161 1992 nam
185 1933 362 2007 provincias
389 1933 515 2008 spoliari
539 1941 569 1992 et
590 1935 789 1993 nummarium
811 1935 942 1994 tribunal
965 1936 1067 1995 audita

89 2017 241 2091 utrimque
267 2017 432 2076 licitatione
457 2016 544 2075 alteri
566 2017 667 2076 addici
688 2033 748 2077 non
771 2017 894 2091 mirum,
922 2019 1066 2092 quoniam

91 2115 171 2174 quae
187 2100 296 2159 emeris
312 2101 445 2159 vendere
462 2100 595 2174 gentium
612 2100 660 2160 ius
676 2110 732 2161 est.
1114 2154 1117 2155 a

153 2183 188 2242 Χ.
206 2183 266 2242 Sed
280 2185 401 2258 longius
414 2200 471 2244 nos
483 2184 605 2258 inpetus
619 2183 719 2245 evehit
731 2193 918 2259 provocante
931 2185 1065 2244 materia.
1079 2197 1093 2248 1

89 2267 194 2341 itaque
209 2267 253 2325 sic
268 2267 424 2338 finiamuS‚
450 2283 490 2326 ne
512 2269 542 2325 in
564 2274 670 2328 nostro
685 2270 789 2328 seculo
807 2270 897 2343 culpa
915 2268 1064 2327 subsidat.

88 2351 157 2409 Hoc
177 2350 309 2409 maiores
329 2350 425 2411 nostri
441 2351 541 2424 questi
557 2359 642 2425 sunt,
665 2350 724 2410 hoc
739 2369 797 2412 nos
814 2351 982 2426 querimur,
1005 2351 1066 2410 hcc

89 2431 208 2507 posteri
222 2434 318 2493 nostri
334 2441 512 2508 querentur,
536 2450 664 2494 eversos
679 2451 795 2509 moreS,
817 2450 947 2509 regnare
959 2435 1065 2507 nequi-

88 2515 177 2588 tiam,
200 2516 230 2574 in
246 2517 379 2577 deterius
394 2533 444 2576 res
459 2517 607 2577 humanas
624 2527 654 2579 et
669 2533 757 2577 omne
769 2519 856 2590 nefas
869 2518 944 2576 labi:
967 2523 997 2574 at
1007 2517 1067 2575 ista

89 2599 199 2658 eodem
215 2607 295 2660 stant
310 2603 378 2661 loco
395 2600 595 2676 stabantque,
614 2603 738 2676 paulum
754 2601 910 2660 dumtaxat
923 2601 1001 2659 ultra
1015 2607 1066 2660 aut

89 2684 165 2742 citra
186 2692 281 2757 mota,
304 2691 335 2743 ut
356 2682 468 2744 fluctus
485 2701 564 2760 quos
587 2692 690 2745 aestus
707 2685 859 2743 accedens
875 2681 996 2758 longius
1012 2699 1064 2742 ex-

87 2767 169 2840 tulit,
197 2767 348 2827 recedens
370 2766 513 2827 interiore
537 2769 659 2829 litorum
683 2769 814 2841 vestigio
839 2768 944 2829 tenuit.
979 2767 1093 2828 Nunca

88 2850 119 2908 in
142 2851 289 2910 adulteria
309 2851 406 2924 magis
429 2868 519 2924 quam
536 2853 565 2910 in
581 2853 640 2910 alia
654 2851 831 2926 peccabitur
844 2851 1065 2926 abrumpetque

88 2935 193 2993 frenos
215 2933 371 3007 pudicitia.
400 2951 481 2993 nunc
502 2935 713 2995 conviviorum
729 2933 841 3009 vigebit
856 2936 941 2995 furor
956 2942 986 2994 et
1000 2938 1063 2995 foe-

89 3016 249 3077 dissimum
271 3018 521 3092 patrimoniorum
543 3017 683 3092 exitium,
712 3020 821 3078 eulina.
861 3034 941 3079 nunc
965 3020 1063 3079 cultus

90 3115 254 3174 corporum
269 3101 380 3161 nimius
397 3109 426 3160 et
442 3103 556 3161 formae
572 3117 646 3161 eura
660 3118 734 3175 prae
747 3118 781 3161 se
793 3103 895 3162 ferens
908 3102 999 3183 animi
1011 3103 1063 3161 de-

88 3185 280 3244 formitatem.
315 3200 396 3244 nunc
422 3185 452 3243 in
476 3185 672 3259 petulantiam
695 3192 725 3245 et
743 3186 903 3246 audaciam
925 3192 1064 3260 erumpet

87 3268 166 3325 male
189 3268 368 3342 dispensata
388 3267 520 3327 libertas.
549 3285 629 3328 nunc
647 3269 677 3328 in
693 3268 901 3328 crudelitatem
916 3270 1064 3343 privatam

89 3365 125 3408 ac
147 3349 299 3424 publicam
320 3349 411 3410 ibitur
432 3351 643 3427 bellorumque
665 3353 797 3412 civilium
818 3353 980 3423 insaniam,
1003 3366 1064 3424 qua

89 3447 179 3491 omne
192 3441 330 3494 sanctum
342 3449 378 3492 ac
391 3448 511 3493 sacrum
525 3437 708 3509 profanetur.
726 3435 886 3495 habebitur
897 3433 1062 3508 aliquando
