2364 3840
307 205 449 266 unrua.
464 203 626 278 annoso.
648 204 721 262 um.
733 203 754 262 1.
778 213 804 265 5.
818 213 845 266 s.
1005 204 1064 267 171

89 360 192 420 siluri
219 355 302 431 atqui
323 354 407 430 ipsa,
429 355 567 430 quamvis
589 371 650 414 non
672 355 825 427 videatur,
851 363 913 415 est:
942 364 1068 430 ergoet

89 443 185 503 color.
221 441 266 500 lta
280 446 342 498 est=
365 444 501 511 [nonest]
519 446 729 512 argumentum
747 437 816 497 falsi
832 439 960 512 coloris,
984 441 1066 513 quod

43 567 46 573 ·
90 527 242 600 adparere
257 522 473 581 accedentibus
489 521 608 581 desinit.
638 522 718 581 idem
733 521 813 580 enim
828 521 858 580 in
873 522 950 596 ipsis
965 524 1068 582 evenit

65 676 68 680 ⁴
91 608 242 680 nubibus,
258 620 316 664 nec
331 605 401 665 ideo
417 605 513 664 falsae
529 613 612 678 sunt,
629 606 700 680 quia
715 622 776 666 non
791 606 940 665 videntur.
975 604 1107 670 Prae-lu

91 701 176 752 terea
196 705 265 751 cum
286 689 396 748 dicitur
415 689 483 759 tibi,
506 689 616 748 nubem
638 690 704 748 sole
721 705 793 748 esse
808 689 982 763 suffectam,
1005 704 1066 748 non

91 773 203 834 dicitur
222 772 290 846 tibi,
312 773 446 833 colorem
466 771 547 830 illum
568 774 700 831 inustum
723 789 794 833 esse
810 775 892 833 velut
906 774 982 832 duro
999 789 1066 832 cor-

90 858 160 932 pori
180 872 218 915 ac
239 855 338 915 stabili
358 870 395 914 ac
409 855 556 925 manenti,
580 855 636 914 sed
651 863 684 915 ul
698 856 793 918 fluido
809 866 840 916 et
855 873 933 930 vago
949 864 980 915 et
994 857 1067 914 nihil

90 939 223 1015 amplius
245 954 336 1013 quam
359 938 483 997 brevem
509 940 644 1011 speciem
668 941 836 1013 recipienti.
877 939 954 1000 Sunt
976 941 1065 999 etiam

91 1024 217 1099 quidam
238 1023 375 1095 colores,
398 1022 451 1096 qui
471 1036 510 1079 ex
530 1021 687 1081 intervallo
710 1024 769 1081 vim
785 1039 871 1082 suam
887 1024 1066 1083 ostendunt:

90 1121 260 1182 purpuram
270 1105 401 1181 Tyriam,
417 1121 478 1179 quo
491 1105 597 1164 melior
608 1105 808 1179 securiorque,
825 1121 861 1164 eo
875 1108 963 1166 altius
976 1122 1066 1180 opor-

91 1197 267 1258 telleneus,
286 1196 319 1247 ut
333 1189 482 1261 fulgorem
497 1204 587 1248 suum
600 1195 709 1247 teneat.
730 1205 790 1248 non
807 1195 906 1247 tamen
922 1190 991 1248 ideo
1003 1206 1066 1249 non

89 1273 185 1333 habet
204 1273 338 1333 colorem
353 1271 418 1344 illa,
443 1272 515 1355 quia
531 1287 610 1346 quae
625 1272 771 1345 optimum
785 1271 890 1343 habet,
912 1288 973 1341 non
991 1287 1066 1344 quo-

90 1357 319 1429 modocumque
345 1355 516 1430 explicatur
541 1355 683 1414 ostendit.
726 1354 759 1413 ln
785 1356 894 1414 eadem
918 1354 1109 1421 sententiale

91 1456 162 1501 sum
176 1455 238 1514 qna
250 1437 450 1509 PosidoniuS‚
467 1445 500 1497 ut
512 1453 614 1498 arcum
627 1439 758 1498 iudicem
769 1439 835 1498 fieri
847 1437 927 1497 nube
940 1440 1069 1497 formata

90 1525 121 1583 in
136 1523 262 1581 modum
277 1521 406 1580 concavi
422 1522 538 1594 speculi
554 1528 584 1580 et
597 1523 733 1594 rotundi,
749 1523 797 1581 cui
811 1524 909 1581 forma
922 1520 961 1580 sit
973 1521 1067 1595 partis

90 1606 187 1681 epila
201 1611 295 1665 secta.
315 1605 374 1663 hoc
390 1604 527 1679 probari,
546 1606 604 1663 nisi
618 1614 791 1679 geometrae
802 1605 989 1675 adiuverint,
1006 1621 1067 1663 non

91 1695 210 1764 potest,
234 1688 286 1762 qui
306 1688 492 1760 argumentis
513 1688 586 1746 nihil
601 1689 683 1747 dubii
699 1688 940 1763 relinquentibus
956 1688 1068 1747 docent

57 1818 63 1829 .
92 1772 169 1833 solis
184 1772 265 1830 illam
281 1786 352 1830 esse
367 1771 498 1844 effigiem
514 1787 575 1829 non
591 1772 729 1829 similem.
759 1787 859 1845 neque
874 1774 954 1831 enim
966 1770 1068 1831 omnia
1075 1779 1109 1832 lt

92 1855 245 1915 adversus
267 1854 394 1928 specula
413 1854 618 1927 respondent:
641 1862 711 1913 sunt
726 1868 804 1927 quae
824 1854 927 1912 videre
942 1857 1067 1913 extime-

93 1954 179 2000 scas:
203 1937 392 1998 deformitate
413 1944 496 1996 tanta
510 1945 683 2009 corruptam
699 1935 807 1994 faciem
822 1937 983 1996 visentium
997 1937 1067 1995 red-

93 2022 169 2083 dunt
184 2027 306 2081 servata
320 2019 514 2079 similitudine
526 2020 555 2078 in
568 2020 666 2093 peius.
689 2026 760 2078 sunt
771 2035 850 2093 quae
862 2035 932 2078 cum
943 2018 1068 2091 videris,

92 2106 217 2181 placere
231 2102 284 2163 tibi
298 2105 379 2163 vires
394 2109 465 2161 tuae
482 2102 616 2178 possint=
638 2105 668 2161 in
684 2110 798 2163 tantum
812 2104 916 2162 lacerti
928 2108 1069 2162 crescunt

92 2195 124 2249 et
142 2187 235 2248 totius
257 2188 397 2261 corporis
412 2203 506 2260 supra
521 2187 682 2246 humanam
697 2187 934 2260 magnitudinem
947 2186 1067 2245 habitus

94 2278 231 2346 augetur.
260 2277 332 2330 sunt
352 2285 430 2345 quae
449 2270 572 2330 dextras
589 2271 684 2330 facies
700 2271 877 2344 ostendant,
901 2277 972 2331 sunt
989 2285 1068 2345 quae

93 2354 250 2426 sinistras,
280 2360 350 2413 sunt
371 2369 449 2426 quae
469 2353 671 2428 detorqueant
691 2363 721 2414 et
738 2362 866 2414 vertant.
902 2354 978 2426 Quid
994 2367 1067 2426 crgo

93 2439 203 2497 mirum
218 2444 265 2496 est
279 2436 431 2496 eiusmodi
445 2437 605 2510 speculum
624 2439 652 2496 in
668 2438 749 2496 nube
765 2453 889 2512 quoquc
904 2437 984 2509 fieri,
1006 2450 1067 2509 quo

94 2521 170 2582 solis
186 2520 307 2595 species
323 2520 433 2579 vitiosa
446 2520 612 2579 reddatur?

156 2603 209 2664 Vl.
236 2604 316 2662 lnter
335 2611 436 2662 cetera
457 2611 635 2677 argumenta
655 2609 685 2662 et
703 2603 763 2662 hoc
783 2603 851 2674 crit,
875 2599 960 2672 quod
982 2613 1096 2665 num-1

94 2703 187 2763 quam
209 2688 305 2746 maior
326 2702 416 2746 arcus
438 2686 562 2746 dimidio
584 2688 697 2746 circulo
715 2685 844 2759 adparet
863 2690 893 2741 el
912 2697 950 2742 eo
970 2682 1069 2742 minor

93 2779 157 2843 cst,
181 2786 244 2845 quo
260 2771 348 2831 altior
364 2771 420 2829 sol.
457 2769 496 2830 Ut
510 2771 551 2828 ait
566 2771 718 2844 Vergilius
734 2775 852 2828 noster:
970 2808 973 2825 .

458 2860 487 2912 et
499 2854 683 2927 bettingem
930 2846 934 2854 ’

247 2952 345 3009 arcus,

94 3035 164 3080 cum
179 3019 322 3079 adventat
342 3019 453 3079 imber:
477 3019 607 3078 sednon
624 3019 762 3088 easdem,
786 3019 1000 3092 undecumque
1015 3016 1068 3074 ad-

94 3101 209 3178 paruit,
231 3104 329 3163 minas
345 3104 456 3170 adfert:
479 3119 498 3160 a
513 3104 640 3162 meridie
656 3109 740 3161 ortus
752 3119 890 3176 magnam
904 3103 962 3160 vim
974 3117 1068 3175 aqua-

94 3202 162 3245 rum
176 3185 277 3246 vehet.
304 3186 385 3246 vinci
406 3187 485 3244 enim
506 3202 568 3245 non
585 3193 748 3260 potuerunt
762 3187 970 3246 valentissimo
987 3185 1068 3243 solet

94 3277 211 3329 tantum
225 3267 284 3329 illis
300 3276 346 3329 est
362 3270 479 3329 virium.
507 3271 533 3328 si
548 3270 629 3328 circa
643 3285 786 3329 occasum
803 3269 934 3347 refulsit,
956 3266 1071 3327 rorabit

95 3360 124 3412 el
137 3351 246 3413 leviter
259 3353 382 3427 inpluat.
406 3352 433 3412 si
448 3353 486 3412 ab
502 3360 567 3412 ortu
584 3354 703 3412 circaue
716 3353 861 3425 surrexit,
877 3367 987 3410 serena
998 3364 1069 3423 pro·

94 3435 226 3495 mittunt.
259 3435 379 3509 „Quare
398 3443 513 3510 tamon,
537 3436 562 3495 si
582 3438 683 3510 imago
699 3435 774 3495 solis
789 3440 836 3494 cst
853 3449 957 3506 arcus,
981 3433 1100 3504 longea
