2364 3840
118 177 182 243 252
389 179 422 241 L.
444 177 590 236 ANNAEl
614 175 790 236 SENECAE

115 332 189 392 bant
202 333 231 390 in
247 331 332 401 illos,
348 329 458 404 quibus
475 328 614 401 delegata
628 334 693 387 erat
707 343 781 386 cura
795 327 1006 402 providendae
1020 335 1090 387 tem-

117 415 260 491 pestatis,
278 412 361 488 quod
377 411 568 485 neglegentia
583 426 687 471 eorum
704 411 812 470 vineae
825 412 1030 485 vapulassem
1044 419 1093 471 aut

116 506 238 573 segetes
260 495 475 571 procidissent.
508 494 545 552 Et
565 495 648 568 apud
668 510 725 554 nos
747 494 776 552 in
798 494 962 554 duodecim
982 495 1093 554 tabulis

83 587 101 640 3
116 589 254 652 cavetur,
269 599 307 640 ne
322 583 387 654 quis
401 582 513 638 alienor
523 577 644 650 fructus
656 584 850 640 recantasset.
878 577 977 638 audis
993 577 1094 637 adbuc

116 666 280 740 antiquitas
303 662 447 722 credebat
464 669 494 720 ot
511 661 629 720 adtrahi
649 661 762 720 imbres
779 661 917 721 cantibus
934 669 964 720 et
977 660 1093 736 repelli,

117 765 247 823 quorum
261 745 333 805 nibil
349 760 444 819 posse
456 744 521 802 lieri
534 753 593 803 tarn
605 745 705 818 palam
717 752 779 816 est,
795 743 928 804 ntbuius
942 744 988 803 rei
1001 759 1094 803 causa

115 833 227 891 nullius
247 826 422 905 philosophi
442 826 549 887 schola
564 828 703 887 intranda
721 829 769 887 sit.

179 914 257 972 Vlll.
283 912 395 971 Unam
415 927 491 970 rern
513 911 635 969 adbuc
653 910 816 971 adiciam
838 918 869 971 et
887 911 994 970 lavere
1015 919 1045 970 tc
1059 926 1094 969 ac

117 997 263 1072 plaudere
287 994 409 1054 iuvabit.
439 995 556 1054 Aiunt
580 995 701 1055 nivem
726 994 762 1053 in
789 1010 832 1054 ea
857 1001 967 1069 parte
992 994 1094 1052 aeris

117 1080 221 1152 lieri,
239 1095 336 1154 quae
353 1093 474 1153 prope
489 1086 615 1137 terras
631 1086 699 1137 est.
715 1077 885 1137 liancenim
900 1076 1095 1151 plusbabere

117 1164 228 1224 caloris
250 1179 288 1221 ex
311 1170 442 1237 quatuor
464 1161 582 1220 causis=
613 1177 690 1234 una,
718 1162 802 1234 quod
823 1161 922 1220 omnis
945 1167 1093 1220 terrarum

118 1247 308 1320 evaporatio,
335 1262 403 1304 cunr
428 1246 553 1305 multum
573 1245 602 1302 in
627 1260 663 1303 se
683 1245 791 1304 fervidi
811 1243 952 1318 aridique
974 1243 1092 1316 habeat,

117 1331 177 1391 hoc
193 1338 241 1390 est
255 1329 382 1389 calidior
398 1346 459 1403 quo
474 1329 635 1387 recentior.
663 1329 771 1398 altera,
795 1328 879 1401 quod
894 1327 972 1387 radii
986 1327 1063 1386 solis
1078 1343 1095 1385 a

118 1422 198 1473 terra
219 1414 358 1473 resiliunt
381 1421 410 1472 et
433 1412 462 1470 in
483 1427 518 1471 se
538 1418 677 1471 currunt:
707 1411 816 1472 horum
834 1411 1004 1484 duplicatio
1025 1426 1093 1484 pro·

117 1499 200 1556 xima
223 1511 364 1571 quaeque
383 1512 401 1553 a
422 1496 511 1554 terris
533 1493 687 1568 calefacit,
712 1510 792 1570 quae
812 1494 882 1554 ideo
897 1496 967 1569 plus
983 1493 1094 1553 habent

118 1581 248 1653 teporis,
273 1579 344 1653 quia
359 1580 454 1638 solem
474 1579 521 1637 bis
538 1579 679 1639 sentiunt.
713 1579 801 1638 tertia
817 1584 988 1649 causaest,
1012 1577 1094 1651 quod

117 1665 215 1736 magis
228 1662 389 1736 superiora
401 1661 576 1734 perflantur,
589 1670 619 1721 at
627 1677 840 1736 quaecumque
851 1661 1004 1736 depressa
1015 1667 1095 1734 sunt,

118 1746 218 1805 minus
234 1745 332 1805 ventis
349 1747 555 1805 verberantur.

180 1831 230 1888 lX.
252 1830 382 1888 Accedit
395 1828 443 1890 bis
460 1829 537 1890 ratio
551 1828 730 1890 Democriti:
752 1827 875 1903 „Omne
895 1843 1012 1902 corpus
1034 1842 1094 1900 quo

118 1913 249 1974 solidius
265 1921 326 1986 est,
347 1911 407 1972 boc
425 1915 557 1973 calorem
574 1911 662 1972 eitius
679 1913 827 1988 concipit,
851 1910 966 1971 diutius
982 1916 1093 1970 servat.

118 1999 221 2072 itaque
235 1998 262 2056 si
276 1998 306 2056 in
320 1997 386 2056 sole
401 1998 542 2071 posueris
556 2012 684 2056 aeneum
697 2012 753 2056 vas
765 2002 795 2054 et
807 1995 933 2055 vitreum
945 2000 977 2054 et
987 2009 1094 2068 argen-

118 2088 213 2152 teum,
232 2096 328 2140 aeneo
345 2079 434 2140 citius
449 2082 533 2139 calor
546 2080 687 2153 accedet,
704 2078 816 2139 diutius
830 2077 999 2137 haerebit.“
1020 2077 1093 2136 Adi·

119 2164 158 2222 cit
170 2162 297 2233 deinde,
312 2178 406 2235 quare
421 2163 573 2222 existimet
583 2163 642 2221 hoc
656 2163 732 2222 fieri.
754 2162 844 2236 „llis,
857 2161 970 2236 inquit,
986 2175 1093 2235 corpo-

119 2245 218 2317 ribus,
239 2260 318 2319 quae
331 2245 454 2304 duriora
466 2254 496 2305 et
510 2247 665 2319 pressiora
678 2255 761 2319 sunl,
777 2260 907 2305 necesse
918 2252 968 2305 est
979 2244 1094 2303 minora

119 2327 267 2387 foramina
282 2343 353 2387 esse
365 2336 394 2387 et
409 2329 575 2388 tenuiorem
591 2330 620 2387 in
634 2330 762 2404 singulis
777 2329 931 2403 spiritum:
947 2328 1093 2403 seqnitur,

118 2419 166 2483 nt,
195 2411 451 2486 quemadmodum
473 2412 590 2471 minora
610 2414 766 2473 balnearia
786 2420 816 2472 et
835 2412 955 2472 minora
970 2412 1094 2471 miliaria

119 2497 206 2556 citius
228 2494 386 2569 calefiunt,
409 2495 454 2555 sic
475 2495 553 2554 haec
575 2496 723 2556 foramina
746 2496 865 2556 occulta
880 2502 911 2555 et
926 2495 1092 2555 oculosl·

117 2579 230 2652 gienlia
251 2586 281 2639 et
303 2581 432 2639 celerius
453 2580 604 2639 fervorem
626 2580 758 2639 sentiant
779 2586 810 2639 el
828 2586 955 2654 propter
970 2579 1093 2638 easdem

118 2664 291 2736 angustiam
315 2663 461 2738 quicquid
479 2664 664 2737 receperint,
684 2663 801 2725 tardius
815 2661 983 2721 reddant.“
1013 2661 1094 2720 Ilaec

119 2747 210 2818 longe
221 2753 402 2820 praeparata
414 2747 453 2805 ad
469 2746 498 2805 id
515 2747 699 2821 perducunt,
712 2747 751 2807 de
763 2762 824 2820 quo
837 2760 918 2805 nunc
930 2745 1093 2820 quaeritur.

179 2828 214 2885 X.
244 2827 348 2889 Omnis
370 2846 423 2890 aer
444 2845 505 2905 quo
527 2831 654 2904 propior
674 2837 723 2889 est
742 2829 846 2901 terris,
871 2829 932 2887 boc
951 2828 1092 2888 crassior.

119 2912 377 2984 quemadmodum
397 2914 427 2972 in
443 2928 525 2987 aqua
539 2920 570 2973 et
584 2915 614 2972 in
629 2913 757 2972 humore
772 2913 854 2972 omni
874 2912 935 2970 ima
950 2919 1000 2971 est
1014 2911 1093 2982 laex,

117 2994 158 3052 ita
172 2993 202 3050 in
218 2996 289 3052 aere
302 2996 492 3069 spississima
508 3013 649 3071 quaeque
665 2996 817 3056 desidunt.
835 2996 895 3054 iam
910 3002 1012 3056 autern
1028 3009 1094 3069 pro·

117 3076 221 3136 batum
245 3084 293 3135 est
314 3080 431 3151 onrnia,
458 3095 519 3152 quo
541 3081 702 3140 crassioris
717 3078 938 3153 solidiorisque
950 3078 1094 3138 materiae

119 3168 204 3233 sunl,
231 3158 292 3219 hoc
313 3160 434 3220 fidelius
456 3164 612 3224 custodire
634 3164 766 3223 calorem
781 3169 949 3236 receptum.
980 3160 1095 3220 Editior

119 3259 172 3302 aer
189 3260 250 3317 quo
267 3243 387 3316 longius
402 3260 419 3301 a
434 3252 582 3305 terrarum
598 3247 738 3309 conluvie
752 3246 896 3320 recessit,
921 3243 983 3306 boc
999 3245 1095 3305 since·

118 3325 182 3386 rior
205 3327 371 3401 puriorque
392 3333 447 3386 est.
477 3328 580 3402 itaque
605 3331 702 3390 solem
717 3346 777 3389 non
793 3329 917 3400 retinet,
940 3328 1000 3389 sed
1015 3326 1096 3389 velut

120 3411 280 3485 perinane
295 3409 481 3471 transmittit.
504 3412 574 3472 ideo
593 3415 692 3473 minus
708 3413 816 3472 calefit.
