2364 3840
457 337 491 417 b.
517 334 656 418 lllllll
683 331 854 417 tilloit

386 489 435 539 AD
463 487 667 538 AEBUTIUM
693 485 926 536 LIBERALEM

279 603 1036 702 btbbbbltctts

541 777 676 838 LIBER
702 775 765 839 vll.

140 999 156 1052 1
230 981 252 1040 Ι.
274 981 407 1052 Bonum,
429 978 469 1037 mi
484 979 646 1049 Liberalis,
669 976 784 1036 trabeas
802 977 934 1036 animum
948 943 1039 1038 volo:

251 1068 283 1125 io
296 1065 430 1124 moribus
446 1071 554 1124 terroe.
583 1078 641 1122 oon
655 1063 704 1121 lu'c
717 1067 744 1120 te
758 1064 890 1120 carmine
903 1064 992 1136 lmtpo

252 1156 341 1224 atque
352 1166 409 1224 per
423 1149 561 1221 ambucos
575 1153 604 1206 et
616 1150 705 1219 torpa
718 1161 828 1205 exorsa
843 1145 952 1205 tenebo.

167 1231 298 1308 Reliqua
312 1233 361 1291 hic
376 1231 453 1291 liber
469 1231 593 1304 cogitet
613 1229 761 1288 exlmusta
781 1227 909 1288 materia
925 1227 1135 1304 circumspicio

167 1333 228 1378 non
245 1316 320 1391 quid
335 1317 447 1387 dicam,
465 1314 521 1373 sed
537 1313 611 1388 quid
623 1329 683 1373 non
696 1313 833 1371 dixerim.
867 1311 941 1371 boni
956 1319 1058 1372 tamen
1071 1329 1136 1372 con-

138 1403 251 1466 nsules
267 1398 413 1473 quicquid
427 1399 468 1458 ibi
480 1405 636 1471 superest,
657 1412 726 1455 cum
741 1395 794 1455 tibi
809 1395 1006 1470 superfuerit.
1043 1395 1077 1456 Si
1090 1412 1137 1456 vo·

166 1485 292 1545 luisscm
314 1481 479 1540 lenocinari
500 1479 588 1553 mihi,
610 1479 714 1539 debuit
734 1481 879 1554 paulatim
900 1494 980 1554 opus
1003 1495 1138 1541 crescere

167 1575 197 1627 et
218 1583 254 1625 eo
273 1581 345 1640 pars
361 1565 390 1622 in
405 1563 496 1622 finem
510 1562 677 1636 reservari,
699 1580 791 1638 quam
806 1563 933 1638 quilibet
945 1564 1039 1624 etiarn
1054 1565 1137 1625 satia·

166 1657 215 1709 tus
231 1649 399 1722 adpeteret.
422 1647 478 1706 sed
495 1647 641 1721 quicquid
655 1648 786 1705 maxime
801 1647 1012 1707 necessarium
1023 1655 1097 1719 erat,
1111 1647 1137 1706 in

166 1733 296 1806 primum
311 1730 470 1805 congessi:
493 1746 587 1804 nuno,
611 1731 636 1790 si
653 1729 725 1805 quid
742 1730 863 1805 effugit,
886 1731 1046 1806 recolligo.
1081 1731 1137 1790 Nec

166 1815 354 1888 mehercule,
378 1816 403 1875 si
419 1832 467 1875 me
482 1817 666 1889 interroges,
685 1815 772 1874 nimis
787 1815 827 1874 ed
841 1830 906 1874 rem
917 1815 1063 1876 existimo
1075 1829 1137 1890 per·

165 1901 277 1972 tinere,
301 1900 353 1960 ubi
369 1900 547 1973 dictasunt,
572 1916 651 1974 quae
664 1906 773 1972 regunt
786 1915 904 1971 mores,
927 1900 1081 1975 prosequi
1095 1913 1136 1958 ce

166 1993 231 2043 tera
253 2001 314 2045 non
335 1985 365 2042 in
385 1983 551 2042 remedium
571 1983 675 2055 onimi,
705 1983 810 2042 sedin
831 1982 1081 2044 exercitationem
1097 1983 1136 2042 in·

137 2068 246 2143 agenii
266 2068 397 2126 inventa.
433 2066 560 2138 Egregie
578 2067 658 2124 enim
672 2066 732 2126 hoc
746 2065 849 2126 dicere
863 2067 1036 2127 Demetrius
1053 2066 1136 2145 cyni-

166 2166 236 2219 cus,
256 2150 303 2206 vir
324 2164 391 2207 meo
413 2147 523 2207 iudicio
539 2164 680 2222 magnuS,
703 2149 823 2209 etiamsi
836 2149 976 2210 maximis
993 2165 1136 2226 conpore·

165 2239 228 2301 tur,
252 2233 344 2289 solet:
372 2232 444 2290 Plus
453 2231 612 2305 prodesse,
633 2236 661 2291 si
674 2249 776 2307 pauco
790 2241 958 2309 praecepta
976 2237 1136 2310 sapienties

165 2320 279 2386 teneas,
305 2314 360 2372 sed
382 2315 435 2372 illo
459 2315 490 2371 in
511 2322 651 2389 promptu
674 2317 726 2376 tibi
740 2324 771 2377 ct
787 2321 818 2376 in
838 2334 895 2378 usu
912 2320 985 2389 sint,
1008 2335 1098 2394 quom
1114 2318 1137 2378 si

165 2399 257 2456 multo
278 2397 394 2470 quidem
415 2397 570 2470 didiceris,
594 2401 649 2458 sed
667 2403 720 2460 illo
740 2418 799 2461 nort
818 2403 930 2462 babeas
948 2402 994 2461 ad
1011 2418 1134 2463 monum.

135 2480 431 2552 tduemodmodum,
460 2481 572 2556 inquit,
595 2499 721 2556 macrus
740 2488 866 2545 luctator
877 2491 922 2546 est
933 2501 993 2544 non
1008 2489 1063 2560 qui
1075 2502 1134 2547 om-

163 2581 215 2623 ncs
228 2581 364 2625 numeros
378 2582 531 2639 nexusque
541 2567 717 2640 perdidicit,
736 2585 859 2642 quormn
873 2586 945 2629 osus
956 2570 1012 2629 sub
1028 2571 1134 2630 adoer-

163 2652 242 2708 sorio
262 2667 353 2709 rurus
372 2657 428 2721 esi,
449 2651 504 2708 sed
522 2653 574 2724 qui
593 2654 623 2709 io
644 2668 702 2711 ulto
720 2669 751 2711 se
766 2659 819 2712 out
831 2656 924 2712 altero
938 2653 1012 2713 berte
1024 2660 1055 2714 et
1067 2655 1133 2715 dili-

160 2738 265 2804 perier
285 2737 421 2792 exercuit
430 2739 460 2792 et
472 2749 573 2794 eorum
587 2738 754 2795 occasiones
767 2739 893 2796 inbutus
905 2743 1133 2812 exspectatores

162 2817 240 2873 enim
260 2815 358 2888 refert
374 2833 462 2889 quom
482 2828 575 2877 mutto
594 2836 683 2890 sciar,
708 2837 734 2878 ss
756 2822 812 2879 scit
832 2825 974 2894 quantum
999 2823 1133 2882 victoriae

162 2901 234 2957 sotis
247 2903 319 2966 estl:
339 2901 381 2958 sic
395 2902 426 2958 irs
439 2901 495 2959 boc
507 2902 603 2961 studio
618 2905 709 2962 mutto
723 2903 881 2976 delectant,
894 2907 1132 2978 pomeriorum.

134 2980 248 3046 sLicet
268 2983 404 3055 nescim,
433 2999 513 3056 quae
532 2986 607 3044 ratio
629 3001 777 3045 oceanum
796 2985 933 3046 effundat
949 3002 987 3046 oc
1003 2993 1131 3048 revocet.

163 3079 258 3140 quare
284 3066 432 3138 septimus
454 3066 585 3141 quisque
612 3085 710 3128 onnus
734 3069 824 3129 aetati
844 3071 964 3144 signum
985 3069 1131 3147 inprimet

163 3163 258 3220 quare
272 3146 397 3208 latitudo
414 3149 549 3222 porticus
562 3167 600 3208 ex
611 3157 726 3213 remoto
740 3153 949 3227 spectantibus
961 3170 1024 3214 non
1037 3157 1132 3216 servet

161 3232 387 3304 proportionem
406 3248 507 3304 suam,
525 3235 582 3293 sed
596 3235 738 3295 ultimain
752 3236 910 3310 angustius
922 3246 1033 3299 coeant
1045 3245 1131 3298 otoo

102 3384 105 3389 ,
161 3315 331 3374 lumnorum
354 3316 521 3376 novissime
538 3319 696 3378 intervalla
710 3319 879 3395 iungantur.
910 3320 982 3394 quid
999 3322 1040 3382 sit
1054 3318 1130 3397 quod

160 3398 349 3471 geminorum
372 3407 554 3474 conceptum
579 3410 721 3476 separet,
752 3411 870 3478 partum
891 3405 1005 3478 iungat.
1037 3413 1130 3465 utrum

160 3483 442 3567 unus33ccncpbitus
462 3492 624 3562 spargatur
643 3487 673 3544 in
696 3487 790 3562 duos,
813 3505 851 3547 au
868 3487 979 3548 totiens
995 3485 1130 3563 concepti
