2364 3840
306 110 356 168 DE
376 109 589 168 BENEFICIIS
611 109 683 169 LIB.
695 109 745 167 Ill.
771 117 869 171 7-9.
1021 109 1062 171 41

149 261 229 320 Vlll.
244 261 350 335 ltaque
362 276 423 322 non
438 259 514 318 haec
530 275 636 334 parurn
648 259 760 320 idonea
773 273 824 317 res
835 257 903 316 visa
914 267 971 331 est,
984 276 1064 333 quae
1081 273 1095 328 1

88 344 294 405 deduceretur
309 345 349 402 ad
363 343 509 417 iudicem,
525 343 581 402 sed
598 357 686 402 nemo
701 340 772 400 huic
787 342 831 399 rei
847 340 921 401 satis
933 343 1063 403 idoneus

88 430 183 488 iudex
197 426 340 488 inventus
356 435 410 486 est.
434 428 517 501 quod
531 442 593 485 non
605 423 820 496 admiraberis,
837 425 863 484 si
878 427 1062 498 excusseris

88 512 165 588 quid
184 511 342 570 habiturus
365 510 456 570 luerit
480 510 665 570 difficultatis
693 509 833 584 quisquis
860 508 890 567 in
912 509 1064 568 eiusmodi

87 612 174 655 reum
190 596 315 654 exisset.
353 595 485 654 Donavit
505 592 617 668 aliquis
640 608 780 666 magnam
807 593 983 666 pecuniam,
999 593 1094 656 seda

88 678 192 752 dives,
216 679 273 738 scd
289 690 350 739 non
364 693 511 737 sensurus
533 677 718 752 inpendium.
755 676 881 736 donavit
895 676 988 748 alius,
1008 678 1064 735 sed

88 770 153 822 toto
170 762 351 836 patrimonio
368 777 523 821 cessurus.
546 777 664 820 summa
679 760 787 820 eadem
802 766 865 831 est,
880 760 1064 819 beneficium

87 847 169 904 idem
185 861 246 904 non
262 852 318 905 est.
354 843 534 904 Etiamnunc
552 845 653 903 adice=
682 844 731 903 hic
752 843 913 918 pecuniam
933 860 989 917 pro
1011 844 1063 902 ad-

88 930 171 988 dicto
188 927 349 1002 dependit,
373 930 430 988 sed
444 945 512 988 cum
527 930 607 987 illam
623 928 714 988 domo
732 927 919 1002 protulisset.
946 927 995 986 illo
1011 927 1063 986 de·

89 1012 134 1070 dit
148 1012 302 1085 eamdem,
326 1013 382 1071 sed
394 1019 527 1072 mutuam
543 1010 673 1085 sumpsit
687 1018 738 1069 aut
758 1011 877 1084 rogavit
891 1019 921 1070 et
938 1025 972 1069 sc
989 1009 1062 1069 obli-

87 1095 153 1168 gari
180 1095 292 1168 ingenti
319 1096 424 1157 merito
452 1111 565 1170 passus
586 1101 646 1153 est:
676 1094 785 1153 codem
812 1093 969 1152 existimas
992 1095 1062 1153 loco

88 1194 161 1237 esse
176 1179 267 1252 illum,
294 1180 345 1254 qui
360 1178 542 1239 beneficium
557 1194 596 1236 ex
611 1177 691 1236 sacili
712 1176 838 1250 largitus
854 1182 909 1248 cst,
929 1183 958 1235 et
972 1177 1063 1249 hunc,

89 1262 143 1335 qui
164 1263 283 1336 accepit
305 1270 338 1322 ut
364 1263 470 1324 daret?
504 1264 654 1335 Tempore
676 1259 828 1336 quaedam
848 1275 959 1333 magna
979 1260 1095 1332 liunt,3

88 1362 150 1405 non
163 1362 295 1405 summa:
321 1345 503 1406 beneficium
521 1353 568 1405 cst
583 1347 695 1405 donata
711 1344 882 1419 possessio,
902 1342 988 1402 cuius
1006 1343 1064 1400 ier-

89 1430 178 1489 tilitas
195 1431 299 1489 laxare
315 1430 413 1503 possit
428 1445 594 1502 annonam,
614 1429 796 1488 beneficium
811 1434 859 1486 est
872 1443 953 1487 unus
972 1427 1002 1484 in
1022 1427 1036 1484 l
1053 1459 1064 1467 -

88 1528 137 1571 mo
150 1512 248 1587 panis.
277 1513 459 1572 beneficium
475 1521 522 1572 est
534 1513 649 1572 donare
664 1512 817 1586 regiones,
836 1527 892 1584 per
908 1528 985 1585 quas
1002 1527 1063 1569 ma-

87 1612 149 1669 gna
163 1595 288 1653 llumina
299 1601 329 1652 ct
339 1594 522 1668 navigabilia
534 1596 704 1666 decurrant,
721 1594 910 1654 beneficium
919 1602 966 1655 est
977 1611 1064 1653 aren-

90 1677 170 1738 tibus
191 1677 240 1734 siti
266 1684 296 1735 et
317 1677 368 1734 vix
394 1678 533 1750 spiritum
555 1693 609 1750 per
631 1678 730 1737 siccas
752 1680 857 1738 lauces
883 1679 1064 1738 ducentibus

87 1766 262 1820 monstrare
277 1761 400 1818 iontem.
438 1760 511 1832 Quis
533 1760 610 1818 inter
631 1777 664 1818 se
686 1760 745 1818 ista
767 1761 966 1833 conparabit?
994 1763 1064 1835 quis

89 1845 265 1917 expendet?
287 1843 420 1902 difficilis
436 1851 483 1903 est
498 1843 655 1913 sententia,
671 1859 750 1917 quac
765 1859 826 1902 non
839 1858 916 1913 rem,
934 1845 990 1902 sed
1004 1847 1063 1903 vim

89 1927 134 1985 rei
151 1928 278 2000 quaerit.
311 1928 417 1986 eadem
434 1926 504 1987 licet
518 1926 593 1995 sint}
618 1926 704 1985 aliter
722 1927 793 1985 data
813 1942 874 1984 non
893 1926 973 1984 idem
991 1942 1063 2000 pen-

89 2011 171 2071 dent.
205 2011 295 2070 Dedit
318 2009 390 2069 mihi
411 2010 459 2069 hic
475 2010 672 2082 beneficium,
696 2009 828 2069 sednon
844 2010 985 2081 libenter,
1008 2011 1096 2084 sed4

88 2095 214 2153 dedisse
228 2110 263 2153 se
280 2100 407 2167 questus
423 2101 485 2167 est,
509 2095 564 2153 sed
589 2094 754 2168 superbius
776 2109 824 2152 me
840 2110 929 2168 quam
946 2094 1065 2152 solebat

88 2178 224 2251 aspexit,
240 2177 297 2236 scd
313 2185 373 2237 tam
388 2178 474 2237 tarde
489 2178 586 2250 dedit,
602 2184 635 2237 ut
650 2179 718 2252 plus
738 2184 948 2251 praestaturus
965 2178 1063 2249 luerit,

88 2261 116 2318 si
143 2261 201 2320 cito
224 2268 382 2333 negassem
404 2260 511 2320 horum
536 2263 690 2334 quomodo
712 2262 805 2322 iudex
823 2261 908 2320 inibit
923 2263 1063 2321 aestima-

88 2343 217 2415 tionem,
241 2359 309 2402 cum
326 2360 428 2404 sermo
444 2352 475 2405 ct
489 2345 636 2406 dubitatio
660 2352 690 2404 et
704 2348 803 2406 voltus
825 2344 923 2403 meriti
937 2346 1062 2418 gratiam

92 2426 273 2486 destruant?

66 2555 69 2559 -
150 2510 198 2570 lX.
212 2475 388 2585 Quidquod
400 2513 550 2585 quaedam
562 2512 712 2572 beneficia
722 2518 878 2581 vocantur,
894 2509 965 2582 quia
976 2509 1064 2568 nimis
1080 2517 1096 2569 l

88 2594 362 2669 concupiscuntur,
384 2595 535 2668 quaedam
550 2613 610 2655 non
628 2601 699 2656 sunt
713 2609 752 2652 ex
772 2593 830 2653 hac
847 2593 962 2664 volgari
980 2600 1061 2665 nota,

46 2714 48 2719 -
87 2677 144 2736 sed
158 2680 289 2751 maiora,
312 2679 430 2738 etiamsi
446 2679 545 2738 minus
563 2680 732 2753 adparentt
758 2676 944 2735 Beneficium
964 2682 1093 2736 vocasn

87 2760 214 2820 dedisse
240 2762 370 2834 potentis
394 2762 497 2836 populi
518 2762 684 2832 civitatem,
706 2760 736 2820 in
760 2760 989 2833 quatuordecim
1003 2762 1063 2819 de·

88 2843 216 2904 duxisse
232 2851 261 2904 et
276 2844 452 2905 defendisse
470 2846 578 2919 capitis
593 2861 693 2904 reum:
718 2844 791 2918 quid
805 2844 887 2904 iutilia
903 2843 1064 2904 suasisset

88 2925 161 3002 quid
182 2927 360 3000 retinuisse,
384 2943 422 2987 ne
444 2930 474 2987 in
496 2930 598 2988 scelus
617 2935 739 2988 rueret?
761 2929 834 3001 quid
855 2929 988 3002 gladium
1010 2944 1061 2986 ex·

88 3010 227 3070 cussisse
237 3011 405 3070 morituro?
421 3012 495 3087 quid
506 3009 684 3071 ellicacibus
696 3011 1061 3088 remediis[reiocillasse]

85 3096 241 3169 lugentem
263 3101 293 3154 et
318 3111 396 3166 quos
422 3093 616 3154 desiderabat
635 3096 786 3156 volentem
809 3096 896 3169 sequi
918 3096 957 3154 ad
982 3096 1062 3153 vitae

87 3177 248 3238 consilium
263 3176 447 3237 reduxisset
469 3176 543 3251 quid
563 3177 725 3239 adsedisse
743 3195 834 3252 aegro
857 3187 900 3249 et,
922 3194 991 3237 cum
1007 3193 1061 3235 va-

87 3261 182 3322 litudo
199 3262 266 3322 eius
282 3277 318 3320 ac
335 3263 419 3320 salus
441 3263 600 3322 momentis
621 3269 789 3334 constaret,
812 3260 975 3334 excepisse
995 3259 1061 3318 ido·

88 3360 146 3403 nea
162 3343 230 3405 cibo
246 3352 384 3420 tempora
399 3352 429 3405 et
445 3345 588 3407 cadentes
604 3362 699 3406 venas
715 3345 786 3404 vino
799 3345 946 3404 reiecisse
958 3350 988 3401 ct
999 3357 1061 3398 me-
