2364 3840
293 189 345 249 DE
364 188 577 249 BENEFlCllS
600 190 671 247 [ΑΒ.
683 189 748 248 Vll.
774 197 871 249 a--4.
1012 189 1072 253 137

88 341 321 414 tranquilloque
342 342 436 400 tutela
455 347 517 411 est,
539 339 579 398 ita
596 337 645 396 hie
661 338 764 398 officia
779 355 850 407 sua,
876 338 1015 411 quamvis
1029 343 1072 400 la-

88 424 211 485 tissime
227 431 364 498 pateant‚
388 423 454 481 sine
468 424 595 482 tumultu
610 421 673 481 obit
689 430 718 481 et
737 437 826 479 omne
841 421 1005 481 humanum
1020 439 1071 497 ge·

88 524 150 567 nus
173 506 405 582 potentissimus
421 506 487 564 eius
506 506 703 580 optimusque
718 506 795 563 intra
810 520 844 563 se
860 506 951 564 videt.
986 507 1100 565 Dari-³

90 592 168 650 deas
188 589 274 663 licet:
302 590 431 664 ingentis
454 590 579 663 spiritus
594 604 643 646 res
658 597 719 660 est,
743 605 811 648 enm
827 589 972 648 orientem
990 591 1070 649 occi-

90 675 277 747 dentemque
307 673 485 733 lustraveris
516 673 637 744 animo,
672 689 732 747 quo
765 673 856 730 etiam
889 682 1007 733 remota
1042 680 1071 732 et

90 757 309 817 solitudinibus
335 757 500 815 interclusa
527 763 736 830 penetrantur,
766 772 835 815 curn
857 764 900 816 tot
921 757 1069 828 animalia,

89 849 204 900 tantam
220 839 341 914 copiam
357 856 474 911 rerum,
491 855 568 912 quas
583 840 875 899 naturabeatissime
894 841 999 912 tundit,
1016 840 1070 898 ad-

91 925 248 998 spexeris‚
262 924 398 983 emittere
410 923 489 981 hane
501 924 549 981 dei
560 938 684 981 vocem:
706 923 782 981 haec
795 923 897 982 omnia
908 941 977 983 nrea
990 932 1069 983 sunt.

91 1006 143 1066 sic
158 1006 207 1076 fit,
225 1013 259 1065 ut
273 1006 345 1064 nihil
361 1007 478 1080 cupiat,
496 1007 566 1080 qnia
582 1005 655 1064 nillil
671 1013 717 1064 est
731 1014 817 1065 extra
833 1008 942 1066 omnia.

152 1090 206 1148 lV.
230 1091 316 1162 „Hoc
327 1091 443 1164 ipsum,
465 1089 583 1163 inquis,
596 1090 695 1148 volui:
718 1097 808 1148 teneo
821 1097 860 1148 te.
881 1093 953 1150 volo
965 1093 1122 1160 videret,

91 1173 249 1249 quomodo
272 1189 311 1232 ex
331 1174 379 1232 his
400 1174 535 1246 laqueis,
559 1174 588 1231 iu
611 1188 689 1246 quos
715 1180 767 1231 tua
789 1181 898 1246 sponte
920 1175 1068 1247 decidisti,

90 1254 266 1331 expliceris.
306 1257 361 1316 Dio
381 1256 469 1328 mihi,
499 1256 812 1331 quemadmodum
843 1262 974 1328 potest
998 1259 1068 1314 ali-

91 1337 182 1413 quis
221 1340 367 1400 donare
404 1339 595 1414 sapienti,
640 1339 672 1397 si
708 1339 835 1397 omnia
872 1339 1068 1412 sapientis

91 1429 208 1482 sunta
234 1439 303 1481 nam
318 1423 348 1483 id
365 1440 505 1498 quoque,
528 1424 612 1497 quod
628 1422 668 1481 illi
684 1424 791 1494 donat,
808 1422 906 1496 ipsius
922 1428 976 1480 est.
1011 1423 1067 1481 lta-

91 1523 152 1582 que
174 1522 237 1566 non
257 1514 359 1580 potest
379 1508 444 1565 dari
464 1507 646 1566 beneficium
672 1506 818 1580 sapienti,
846 1505 895 1565 cni
921 1505 1068 1580 quicquid

90 1590 190 1661 datur,
213 1590 252 1648 de
274 1607 331 1649 suo
352 1590 454 1649 datur:
479 1591 562 1663 atqui
579 1590 678 1648 dicitis
694 1589 824 1664 sapienti
841 1605 935 1664 posse
950 1590 1067 1648 donari.

89 1673 174 1732 ldem
192 1680 292 1732 antem
306 1690 355 1733 me
371 1675 446 1733 seito
464 1681 494 1732 et
508 1675 547 1732 de
564 1674 669 1731 amieis
685 1674 884 1747 interrogare:
907 1673 1008 1733 omnia
1023 1673 1067 1732 di-

90 1756 158 1815 citis
171 1757 229 1815 illis
243 1772 314 1816 esse
326 1757 511 1829 communia,
527 1772 599 1830 ergo
623 1772 728 1814 nemo
750 1758 891 1830 quicqu
902 1773 956 1815 am
978 1757 1067 1815 ami-

91 1854 135 1898 eo
158 1839 302 1898 donare
322 1847 466 1914 potest:
489 1841 607 1899 donat
627 1839 723 1896 enim
746 1840 804 1897 illi
827 1841 1067 1899 communia.“

88 1921 170 1981 Nihil
187 1922 327 1995 prohibet
341 1923 454 1998 aliquid
470 1929 499 1981 et
513 1923 659 1996 sapientis
675 1936 746 1979 esse
761 1928 791 1980 et
804 1921 892 1979 etiam
909 1923 990 1993 eius,
1014 1922 1094 1997 quia

90 2005 246 2080 possidet,
271 2006 319 2065 cui
335 2006 437 2066 datum
453 2015 482 2065 et
496 2006 688 2079 adsignatum
701 2011 757 2062 est.
793 2005 863 2062 lure
875 2003 953 2062 civili
968 2005 1068 2062 omnia

87 2088 174 2163 regis
191 2095 277 2147 sunt.
299 2097 441 2148 ettamen
457 2090 522 2162 illa,
546 2105 675 2162 qnorum
691 2088 731 2145 ad
745 2103 848 2161 regem
862 2088 992 2159 pertinet
1003 2088 1067 2146 uni-

86 2187 183 2231 versa
205 2172 382 2245 possessio,
406 2174 436 2231 in
458 2173 595 2249 singulos
618 2173 759 2231 dominos
782 2171 938 2245 descripta
954 2178 1068 2231 suntet

85 2270 296 2330 unaquaeque
316 2271 366 2315 res
386 2255 476 2315 habet
497 2272 712 2330 possessorem
734 2272 842 2315 sunm:
871 2256 973 2331 itaque
994 2256 1067 2314 dare

86 2338 156 2412 regi
175 2345 205 2398 et
227 2341 349 2399 domum
366 2348 395 2398 et
408 2340 591 2413 mancipium
606 2348 636 2399 et
651 2339 811 2414 pecuniam
827 2356 994 2413 possumus
1010 2356 1067 2398 nec

87 2423 208 2482 donare
223 2422 264 2482 illi
280 2424 318 2483 de
333 2439 390 2482 suo
406 2422 542 2482 dicimur.
565 2422 604 2482 ad
618 2439 708 2496 reges
723 2423 802 2481 enim
818 2431 955 2495 potestas
972 2423 1067 2480 omni-

86 2522 140 2565 urn
155 2506 298 2579 pertinet,
315 2506 354 2565 ad
366 2506 503 2580 singulos
516 2507 698 2580 proprietas.
731 2507 822 2564 Fines
833 2505 1094 2563 Atheniensium3

87 2596 141 2648 aut
163 2588 385 2664 Campanorum
406 2607 570 2661 vocamuS,
595 2607 674 2664 quos
696 2589 807 2648 deinde
827 2588 904 2646 inter
925 2602 959 2645 se
975 2586 1066 2644 vicini

87 2673 208 2746 privata
224 2674 433 2733 terminatione
449 2674 645 2747 distinguunt.
668 2680 698 2732 et
711 2679 793 2732 totus
810 2685 882 2743 ager
898 2672 998 2742 [illius]
1015 2674 1067 2727 aut

87 2756 170 2814 illius
186 2755 370 2830 reipublicae
386 2767 451 2829 est,
479 2773 550 2831 pars
572 2757 683 2817 deinde
698 2773 754 2815 suo
777 2755 899 2813 domino
924 2753 1066 2827 quaeque

88 2846 243 2898 censetur.
265 2840 399 2913 ideoque
414 2842 530 2901 donare
545 2856 636 2913 agros
653 2847 776 2898 nostros
791 2836 977 2911 reipublicae
993 2853 1065 2911 pos-

88 2938 206 2995 sumus,
223 2924 362 2996 quamvis
374 2923 454 2983 illius
467 2939 538 2983 esse
549 2925 696 2994 dieantur,
713 2923 784 2997 quia
797 2921 882 2980 aliter
895 2919 973 2979 illins
985 2928 1064 2990 sunt,

87 3005 176 3066 aliter
187 3007 256 3065 mei.
283 3007 437 3080 Numquid
449 3006 574 3066 dubium
586 3013 641 3077 est,
657 3006 728 3080 quin
742 3021 850 3066 servus
864 3019 933 3062 cum
945 3005 1095 3077 peculial

88 3088 205 3148 domini
217 3090 276 3149 sit?
299 3091 351 3149 dat
364 3098 462 3149 tamen
477 3090 600 3149 domino
613 3105 669 3149 suo
682 3106 802 3148 munus.
826 3105 887 3147 non
900 3087 979 3145 enirn
994 3086 1064 3146 ideo

87 3171 162 3232 nihil
183 3171 275 3232 habet
295 3189 418 3242 servus,
442 3175 513 3248 quia
536 3190 598 3233 non
620 3180 668 3231 est
686 3172 859 3242 habiturus,
882 3171 908 3228 si
923 3169 1065 3229 dominus

87 3256 171 3314 illum
192 3254 306 3315 habere
321 3257 460 3315 noluerit.
483 3271 540 3315 neo
554 3256 624 3315 ideo
640 3271 701 3315 non
717 3263 765 3315 est
778 3268 903 3322 munus,
926 3266 996 3310 eum
1012 3269 1065 3312 vo·

87 3421 254 3480 admodum
277 3421 441 3497 probemus
460 3423 583 3482 onmia‘l
610 3438 690 3482 nune
706 3422 785 3481 enim
799 3416 902 3479 omnia
970 3414 1068 3477 »tenus
1144 3472 1149 3481 .

87 3520 162 3564 esse
180 3505 258 3565 inter
278 3505 356 3565 duos
380 3505 537 3565 convenit:
558 3505 633 3564 illud
650 3505 734 3581 quod
749 3500 865 3579 quaeril
926 3494 1073 3559 ’‘¹¹³aen2
