2364 3840
248 166 263 301 ν’
301 205 728 267 1111111111111111.
753 218 883 271 11-11.
1027 208 1069 273 al

87 357 194 418 vitatis
212 364 307 417 status
331 357 387 417 sub
412 372 485 431 rege
508 356 588 416 iusto
610 359 664 430 sit,
688 366 739 418 aut
760 358 801 416 ibi
823 359 958 432 speravit
978 359 1067 419 11111·

89 450 184 502 tatem
205 442 348 514 futuram,
367 440 418 499 ubi
434 447 493 499 tam
510 456 652 514 magnum
668 440 835 515 praemium
851 449 915 500 erat
929 450 959 502 et
972 443 1066 516 impe·

89 524 181 583 randi
197 532 227 583 et
241 523 408 594 serviendi,
434 531 487 582 aut
501 523 685 583 existimavit
710 523 860 583 civitatem
883 525 914 583 in
934 525 1068 599 priorem

88 609 221 668 'formam
244 622 338 680 posse
358 608 497 665 revocari
526 607 647 666 amissis
672 608 806 681 pristinis
833 608 968 667 moribus
990 609 1068 669 lutu-

91 705 221 764 ramque
235 688 277 749 ibi
292 688 505 764 aequalitatem
521 690 616 749 civilis
641 692 713 750 iuris
731 700 760 750 et
775 698 906 750 staturas
923 707 979 751 suo
997 691 1066 752 loco

89 776 193 847 legeS,
216 772 268 832 ubi
284 773 400 832 viderat
415 781 460 833 tot
476 774 556 831 milia
576 772 731 834 hominurn
748 774 926 848 pugnantia,
950 792 1009 834 non
1027 792 1064 834 an

90 856 256 928 servirent,
273 856 326 915 scd
344 856 409 916 utri,
435 855 552 928 Quanta
568 872 640 916 vero
656 858 739 917 illum
756 866 807 917 aut
822 873 920 916 rerum
941 866 1066 918 naturae

87 946 145 998 aut
159 938 243 998 urbis
258 955 332 997 suae
347 939 443 998 tenuit
459 939 587 1011 oblivio,
608 940 659 1015 qui
674 952 740 1000 111
752 942 931 1014 interempto
947 942 1066 1001 delutu-

88 1039 159 1082 rum
174 1021 303 1080 credidit
318 1023 425 1095 alium,
445 1023 496 1096 qui
515 1022 595 1082 idem
611 1023 714 1095 vellet,
735 1040 803 1083 cum
819 1025 1001 1098 Tarquinius
1018 1040 1066 1084 es·

91 1113 142 1164 set
156 1106 296 1164 inventus
320 1111 390 1178 post
410 1113 455 1166 tot
475 1122 565 1180 reges
588 1107 667 1165 lerro
691 1122 726 1166 ac
743 1107 915 1166 fulminibus
933 1107 1065 1167 occisos.

88 1187 157 1247 Sed
172 1187 263 1246 vitam
279 1184 418 1262 accipere
433 1190 551 1261 debuit,
576 1189 614 1250 ob
637 1191 695 1248 hoc
713 1197 810 1249 tamen
828 1206 888 1248 non
904 1190 1017 1249 habere
1032 1192 1064 1248 il·
1080 1195 1097 1249 3

87 1274 153 1330 lum
169 1273 303 1345 parantis
319 1273 405 1345 1111,
429 1271 480 1347 qui
501 1274 530 1330 in
547 1275 594 1332 ius
619 1273 710 1332 dandi
727 1272 867 1332 beneficii
888 1273 997 1331 iniuria
1016 1289 1066 1332 va-

91 1362 187 1413 nerat.
221 1371 281 1414 nou
302 1355 381 1416 enim
398 1357 531 1416 servavit
544 1358 585 1429 is,
609 1358 736 1431 quinon
752 1354 916 1428 interiecit,
942 1371 998 1415 nec
1014 1356 1065 1414 be·

88 1438 235 1497 neticium
250 1439 347 1512 dedit,
371 1441 427 1498 sed
442 1439 628 1498 missionem.

154 1522 230 1579 XXI.
253 1522 330 1582 lllud
345 1523 441 1596 magis
458 1524 562 1581 venire
583 1523 613 1581 in
635 1522 870 1597 disputationem
891 1528 992 1595 potest
1014 1522 1097 1580 ali-l

89 1621 200 1679 quarn,
224 1605 315 1678 quid
334 1606 555 1664 laciendum
577 1607 626 1666 sit
648 1607 823 1681 captivo,
848 1605 1065 1664 cuiredcm-

92 1686 241 1762 ptionis
264 1690 430 1760 pretium
457 1690 566 1748 homo
593 1688 796 1762 prostituti
826 1688 1007 1764 corporis
1032 1695 1067 1747 et

88 1769 250 1828 infamis
267 1783 331 1827 ore
349 1771 548 1843 promittit.
579 1774 675 1844 patiar
690 1787 737 1829 me
751 1773 788 1830 ab
804 1771 912 1846 inpuro
929 1770 1067 1831 servarit

88 1860 233 1911 servatus
250 1851 359 1910 deinde
382 1867 473 1925 quam
495 1853 535 1910 illi
551 1855 676 1929 gratiam
701 1854 850 1911 reseram?
876 1855 975 1913 vivam
997 1871 1066 1913 cum

89 1935 273 1994 obscoeno?
294 1950 354 1993 non
372 1935 470 1992 vivam
487 1951 554 1993 cum
569 1936 782 2009 redemptore?
809 1935 886 2006 Quid
908 1952 980 2010 ergo
1002 1939 1096 2008 pla-a

93 2026 160 2077 ceat
175 2018 288 2076 dicam
305 2020 394 2077 etiam
407 2018 444 2076 ab
457 2018 558 2092 aliquo
572 2018 621 2076 tali
634 2019 780 2092 accipiam
794 2019 962 2091 pecuniam,
975 2034 1065 2092 quam

90 2117 148 2174 pro
162 2102 259 2175 capite
272 2102 453 2175 dependam,
467 2101 547 2160 1111
557 2118 575 2174 p
585 2099 768 2161 iam'autem
783 2108 854 2159 tam
864 2117 972 2174 qtram
988 2116 1060 2160 cre-

90 2183 225 2257 ditum,
249 2185 782 2257 nontamquambeneficium.
812 2185 930 2244 solvam
948 2185 990 2243 illi
1012 2200 1064 2258 pe-

91 2267 211 2326 cuniam
228 2276 272 2341 et,
297 2268 323 2327 si
338 2269 461 2327 occasio
478 2268 566 2327 luerit
582 2269 738 2341 servandi,
764 2268 982 2342 periclitantem
1000 2283 1061 2327 ser-

89 2350 188 2408 vabo:
210 2351 239 2408 in
254 2350 423 2424 amicitiam,
446 2367 524 2424 quae
540 2352 653 2410 similes
669 2351 772 2425 iungit,
790 2369 851 2412 non
867 2352 1062 2422 descendam,

90 2448 150 2490 nec
166 2434 329 2492 servatoris
345 2435 427 2492 illum
442 2435 510 2493 loco
526 2433 708 2506 numerabo,
731 2436 784 2494 sed
802 2435 997 2505 11111111111,
1015 2433 1064 2492 111
1149 2469 1153 2475 ·

90 2515 187 2574 sciam
203 2517 392 2576 reddendum
409 2517 492 2591 quod
508 2518 623 2591 accepi.
656 2517 722 2576 Est
741 2517 888 2591 aliquis
914 2518 1095 2589 dignuS,3

90 2602 197 2672 aquo
218 2598 453 2660 beneficium
476 2601 683 2674 accipiam,
707 2601 774 2658 sed
791 2600 895 2658 danti
918 2599 1063 2657 nocitu-

91 2698 170 2739 rum
197 2690 269 2741 est:
303 2683 372 2742 ideo
395 2700 468 2742 non
493 2684 696 2757 accipiam,
721 2683 791 2755 quia
812 2682 860 2740 ille
878 2688 1001 2755 paratus
1017 2686 1064 2738 est

89 2765 163 2823 milri
183 2781 251 2824 cum
273 2765 466 2826 incommodo
492 2773 542 2825 aut
565 2767 653 2824 etiam
676 2765 811 2839 periculo
830 2782 886 2824 suo
902 2765 1061 2838 prodesse.

90 2849 279 2908 Defensurus
295 2856 342 2909 est
355 2864 404 2908 me
418 2864 522 2921 reum,
544 2850 600 2907 sed
621 2849 671 2908 illo
694 2848 861 2922 patrocinio
881 2862 982 2920 regern
1005 2845 1063 2906 sibi

90 2932 225 2991 facturus
246 2931 412 2991 inimicum:
444 2932 583 2992 inimicus
606 2947 688 3002 sum,
713 2930 754 3002 si,
776 2947 844 2990 cum
866 2931 915 2992 ille
940 2946 996 3004 pro
1014 2946 1062 2988 me

90 3013 253 3087 periclitari
278 3015 362 3086 velit,
390 3031 448 3090 ego
461 3016 543 3088 quod
563 3014 680 3075 lacilius
696 3022 743 3072 est
759 3030 820 3073 non
837 3014 930 3085 11111,
949 3021 982 3072 ut
997 3014 1063 3071 sine

90 3097 141 3156 illo
163 3097 324 3170 pericliter.
362 3099 503 3173 Ineptum
524 3105 554 3156 et
575 3097 715 3155 frivolum
737 3097 797 3156 hoc
815 3098 952 3156 Hecaton
980 3095 1094 3170 ponitl

90 3181 265 3254 exemplum
289 3180 453 3252 mnesilai,
476 3195 567 3254 quem
591 3180 632 3238 ait
655 3196 672 3238 1
699 3180 760 3240 lilio
786 3180 916 3239 familiae
931 3179 1063 3238 adlatam

90 3264 249 3336 pecuniam
268 3258 328 3322 nori
344 3264 519 3338 accepisse,
543 3278 581 3321 ne
596 3261 646 3321 ille
664 3271 778 3338 patrem
795 3264 951 3323 sordidum
967 3261 1062 3320 olien-

90 3344 193 3405 deret=
219 3346 292 3420 quid
308 3346 378 3404 lecit
393 3347 483 3405 laude
499 3345 636 3420 dignum,
661 3348 745 3421 quod
767 3348 876 3405 lurtum
901 3362 961 3404 non
979 3359 1063 3401 rece·

92 3428 154 3501 pita
176 3430 259 3503 quod
280 3428 384 3489 maluit
405 3444 465 3487 non
484 3431 624 3503 accipere
644 3447 735 3506 quam
750 3429 900 3489 reddere?
923 3432 1064 3500 quaeest
