2364 3840
155 171 218 236 218
441 172 475 231 L.
495 171 640 232 ΑΝΝΑΕΙ
666 170 842 237 SENECAE

156 336 207 387 cut
224 326 308 402 apud
323 343 381 386 nos
396 323 521 385 mutatio
536 323 617 383 aeris
633 323 760 384 imbrem
775 323 860 398 lacit,
886 323 927 384 lta
939 323 1021 384 inira
1034 333 1130 386 terras

156 411 268 470 ilumcn
288 418 340 470 aut
353 411 461 470 rivum.
484 423 580 482 supra
594 423 651 467 nos
666 423 728 467 non
744 413 848 482 potest
861 414 943 467 stare
958 409 1065 483 segnis
1080 410 1131 469 diu

156 502 186 554 et
199 494 311 569 gravis.
345 491 510 567 aliquando
526 492 606 551 enim
622 492 688 551 sole
700 498 854 564 tenuatur,
876 491 1044 566 aliquanda
1059 507 1130 552 ven·

156 577 195 638 tis
217 577 409 652 expanditur.
440 577 544 650 itaque
564 575 722 635 intervalla
741 589 852 649 magna
872 575 1021 635 imbribus
1045 583 1130 636 sunt=

158 661 215 720 sub
238 668 319 720 terra
341 676 413 720 vero
436 658 584 734 quicquid
599 666 661 731 est,
690 657 774 733 quod
788 659 871 718 illum
885 661 915 718 in
930 674 1045 734 aquam
1061 675 1131 720 con-

156 754 268 816 vertat,
291 743 372 803 idem
394 758 517 817 semper
536 749 598 815 est,
619 742 726 802 umbra
741 749 903 818 perpetua,
924 742 1022 818 frigus
1034 750 1131 804 aeter-

157 845 245 897 num,
267 825 464 886 inexercitata
476 824 623 886 densitas.
658 841 781 901 semper
795 840 868 900 ergo
883 827 1045 901 praebebit
1059 825 1132 887 lanii

126 920 189 982 net
207 909 323 968 llumini
345 925 467 969 causas.
500 908 604 969 Placet
623 910 713 971 nobis
734 917 844 969 terram
861 925 934 970 esse
948 911 1131 970 mutabilem.

158 995 234 1053 haec
250 1009 376 1068 quoque
391 992 537 1068 quicquid
551 992 681 1063 efflavit,
699 992 847 1068 quianon
862 991 959 1054 libera
974 996 1048 1053 aere
1061 1008 1131 1054 can-

158 1076 282 1152 cipitur,
310 1077 476 1137 crassescit
502 1078 640 1152 protinus
660 1084 691 1138 et
705 1076 735 1135 iu
757 1076 915 1137 humorem
936 1077 1131 1138 convertitur.

157 1160 284 1220 Habes
309 1161 466 1235 primam
483 1177 670 1236 aquarum
687 1158 1132 1222 subterranascentium

158 1260 323 1305 cansam.

126 1345 140 1396 1
227 1328 263 1387 X.
296 1327 457 1388 Adicias
479 1328 596 1388 etiam
614 1326 725 1400 licet,
753 1327 858 1403 quod
883 1328 984 1389 liunt
1006 1326 1133 1389 omnia

159 1429 201 1472 ex
218 1411 413 1484 omnibus,
428 1427 467 1470 ex
479 1427 561 1486 aqua
572 1426 640 1482 aar,
657 1426 696 1470 ex
708 1414 779 1471 abre
792 1426 890 1486 aqua,
904 1413 986 1486 ignis
999 1427 1040 1471 ex
1053 1414 1131 1483 aere,

158 1513 197 1556 ex
212 1495 283 1569 igne
300 1510 368 1554 aar:
384 1509 480 1569 quare
495 1511 568 1569 ergo
584 1508 645 1554 non
659 1503 768 1555 eterra
782 1495 835 1555 liat
849 1501 953 1570 aquai
967 1509 1049 1572 quae
1064 1493 1132 1555 siin

158 1581 218 1638 alia
239 1577 392 1638 mutabilis
416 1584 477 1649 cst,
505 1577 578 1637 etin
593 1592 719 1652 aquam,
747 1578 837 1638 immo
852 1580 986 1640 maxime
1000 1579 1029 1638 in
1046 1579 1132 1638 hanc.

157 1671 288 1734 utraque
309 1661 389 1719 enim
411 1668 541 1735 cognata
558 1669 605 1720 est
619 1677 687 1734 res,
713 1669 844 1737 utraque
858 1663 978 1737 gravis,
1005 1669 1132 1738 utraque

159 1745 269 1816 densa,
294 1751 423 1818 utraque
445 1746 474 1803 in
495 1752 661 1804 extremum
682 1745 785 1805 mundi
801 1746 960 1821 conpulsa.
992 1745 1041 1805 Ex
1056 1759 1132 1820 aqua

128 1842 144 1895 2
161 1836 239 1891 terra
258 1828 306 1888 fit:
336 1842 390 1887 cur
405 1845 464 1888 nnn
480 1844 561 1904 aqua
573 1829 627 1889 liat
641 1844 658 1888 e
673 1836 776 1889 terra?
801 1831 868 1903 „At
882 1844 993 1904 magna
1008 1828 1131 1890 flumina

159 1916 259 1973 sunt.“
282 1913 355 1972 Cum
372 1913 499 1986 videris,
523 1920 638 1987 quanta
652 1920 736 1984 sunt,
751 1928 860 1972 rursus
875 1929 914 1972 ex
931 1920 1049 1988 quanta
1065 1927 1129 1989 pra·

159 1996 251 2056 deant
265 1996 403 2069 adspice.
425 1996 564 2067 Miraris,
580 2012 649 2056 cum
666 1997 803 2056 labantur
817 1996 965 2070 adsidue,
982 1997 1129 2073 quaedam

158 2095 231 2139 vero
248 2080 397 2139 concitata
410 2080 580 2155 rapiantur,
596 2080 679 2155 quod
695 2087 818 2154 praesta
834 2079 874 2139 sit
887 2078 946 2139 illis
961 2094 1129 2156 aquasem

160 2178 215 2234 per
229 2167 328 2221 novat
356 2163 429 2236 quid
445 2162 471 2221 si
486 2162 620 2234 mireris,
644 2164 742 2237 quod,
765 2178 834 2229 cum
849 2163 931 2222 venti
951 2170 1050 2224 tatum
1064 2165 1130 2223 aera

159 2244 319 2318 inpellant,
345 2260 406 2304 non
430 2245 532 2305 delicit
552 2245 694 2321 spiritus,
720 2247 777 2306 sed
798 2261 853 2321 per
874 2244 942 2306 dies
962 2254 1130 2321 noctesque

159 2328 326 2401 aequaliter
340 2327 421 2401 lluit,
443 2344 500 2388 nec
515 2336 549 2388 ut
563 2327 688 2390 flumina
703 2337 786 2390 certa
800 2331 888 2391 alveo
905 2330 1059 2404 feruntur,
1079 2327 1130 2389 sad

159 2426 215 2486 per
226 2419 343 2471 vastum
355 2412 432 2472 coeli
449 2413 578 2487 spatium
593 2414 654 2474 lata
668 2414 770 2488 inpetu
781 2414 885 2472 vadit?
912 2414 988 2489 quid
1003 2412 1032 2474 si
1045 2414 1129 2475 ullam

158 2496 271 2555 undam
287 2511 454 2570 superesse
470 2497 602 2567 mireris,
625 2512 706 2572 quae
721 2496 918 2571 superveniat
931 2504 977 2558 tot
990 2496 1129 2558 fluctibus

125 2580 282 2640 ³lraetist
312 2579 390 2640 Nihil
417 2581 533 2654 delicit,
563 2580 635 2655 quia
655 2587 750 2641 totum
772 2579 802 2640 in
824 2595 858 2639 se
880 2581 969 2642 redit.
1002 2580 1130 2641 omnium

159 2665 376 2725 elementorum
398 2665 427 2723 in
443 2667 590 2724 alternum
610 2679 754 2724 recursus
770 2670 850 2724 sunt.
884 2664 1034 2741 quicquid
1052 2661 1130 2725 alteri

159 2748 251 2820 perit,
277 2749 307 2806 in
330 2749 455 2808 alterum
479 2747 587 2808 transit
606 2754 636 2807 et
655 2755 762 2808 natura
783 2755 886 2823 partes
907 2763 982 2809 suas
1001 2747 1131 2809 velutin

160 2830 347 2901 ponderibus
364 2831 544 2891 constitutas
559 2831 727 2905 examinat,
741 2846 780 2890 ne
795 2832 967 2906 portionum
982 2831 1131 2908 aequitate

126 2912 278 2971 lturbata
299 2915 431 2975 mundus
453 2915 686 2990 praeponderet.
721 2913 827 2975 Omnia
841 2915 871 2973 in
888 2915 1032 2976 amnibus
1050 2919 1130 2975 sunt=

159 3011 219 3054 non
234 3002 349 3055 tantum
371 3013 424 3056 aer
435 2999 464 3056 in
480 2999 579 3072 ignem
595 2999 716 3070 transit,
732 2999 789 3058 sed
804 3013 970 3074 numquam
984 2997 1054 3060 sine
1065 2998 1132 3072 igne

159 3086 215 3137 est.
245 3079 369 3138 detrahe
384 3079 426 3139 illi
444 3082 593 3142 calarem=
618 3083 764 3158 rigescat,
791 3080 895 3155 stabit,
923 3083 1083 3143 durabitur
1096 3082 1131 3138 »et

159 3160 285 3220 transiet
305 3178 358 3222 aer
378 3163 407 3222 in
432 3164 603 3237 humorem,
627 3166 683 3225 sed
705 3164 899 3225 nihilominus
920 3182 983 3226 non
999 3166 1067 3226 sine
1080 3163 1131 3221 hu-

159 3260 244 3304 more
265 3253 322 3306 est.
357 3254 387 3306 et
409 3249 481 3306 aera
503 3255 532 3306 ct
553 3265 665 3323 aquam
680 3249 753 3309 lacit
766 3255 862 3321 terra,
886 3248 943 3310 sed
958 3265 1019 3310 non
1038 3246 1130 3321 magis

158 3342 303 3403 umquam
326 3330 393 3388 sine
412 3344 493 3404 aqua
515 3337 563 3390 est
584 3347 674 3406 quam
692 3333 759 3391 sine
774 3335 855 3392 aere.
886 3339 917 3392 et
930 3332 1003 3394 ideo
1019 3330 1130 3392 facilior

159 3418 206 3472 est
225 3412 356 3472 invicem
378 3413 540 3488 transitus,
568 3414 640 3489 quia
662 3415 735 3490 illis,
762 3416 793 3474 in
814 3429 894 3491 quae
914 3415 1128 3476 transeundum
