2364 3840
274 204 414 264 unua.
430 202 592 276 quassu.
616 154 762 262 aravit
786 186 951 267 nr-ao.'
984 186 994 205 ²
1024 201 1086 268 315

195 357 224 414 in
238 356 315 413 sicco
329 355 436 413 ludant
445 354 561 426 salicae
574 359 714 427 notosque
726 354 853 427 paludes

194 438 304 497 deserit
315 444 402 511 atque
417 440 508 497 ultam
521 453 616 511 supra
630 439 708 495 eolat
721 437 816 495 ordea
830 437 943 508 nudem,

103 521 165 582 scd
180 520 241 593 sic,
260 521 414 594 quomodo
431 520 655 595 aequinoctium
671 519 699 577 in
717 520 848 578 calorem
859 519 1018 593 frigusque
1030 518 1084 580 lle·

103 603 217 665 clentis
240 605 324 672 anni,
348 603 503 678 quomodo
523 602 586 676 illa,
608 618 687 675 quae
706 600 848 661 Chaldaei
863 610 989 674 canunt,
1011 603 1085 677 quid

105 688 196 747 stella
210 686 407 747 nascentibus
420 688 503 745 triste
516 686 665 744 laetumve
678 685 848 744 constituat.
881 686 948 744 Hoc
959 693 992 745 ut
1002 687 1083 746 scias
1096 692 1113 744 i

105 769 148 830 ita
168 784 255 842 esse,
279 786 339 829 non
361 771 460 828 statim
477 778 611 828 cometes
628 777 712 828 ortus
727 776 835 828 ventos
850 774 880 826 et
894 767 1014 842 pluvias
1030 771 1083 827 mi-

106 860 203 925 natur,
219 861 250 911 ut
262 854 441 912 Aristoteles
455 853 502 925 ait,
516 853 571 910 sed
585 868 696 911 annum
708 858 802 912 totum
816 859 992 927 suspectum
1004 853 1083 912 lacit.

104 952 222 1010 exque
245 936 372 1010 adparet
387 936 467 995 illum
483 951 545 994 non
560 951 600 994 ex
616 935 756 1008 proximo
773 935 896 1009 quaein
915 936 1084 1011 proximum

107 1021 193 1079 daret
207 1019 295 1094 signa
310 1020 455 1091 traxisse,
477 1019 533 1077 sed
549 1017 661 1077 lrabere
674 1019 810 1090 reposita
821 1026 850 1077 et
862 1034 1031 1092 conpressa
1042 1019 1084 1079 le-

105 1103 196 1177 gibus
208 1103 321 1161 mundi.
350 1102 433 1160 Fecit
445 1102 493 1160 hic
506 1108 655 1173 eomeleS,
672 1101 724 1174 qui
735 1100 893 1161 Paterculo
906 1113 935 1160 et
946 1103 1084 1178 Vopisco

104 1185 285 1245 consulibus
301 1186 456 1260 adparuit,
479 1201 558 1259 qnae
576 1185 614 1243 ab
634 1184 795 1243 Aristotele
809 1183 1113 1260 Theophrastoques

106 1277 178 1328 sunt
199 1269 361 1343 praedicta.
393 1270 512 1328 luerunt
527 1267 604 1326 enim
623 1268 772 1326 maximae
788 1275 817 1325 et
832 1267 993 1327 continuae
1011 1277 1083 1328 tem-

106 1360 240 1428 pestates
263 1352 390 1427 ubique:
419 1358 450 1411 at
470 1353 499 1410 in
515 1351 631 1410 Achaia
647 1351 888 1426 Macedoniaque
909 1352 1002 1411 urbes
1025 1358 1082 1411 ler-

106 1452 208 1495 rarum
226 1444 308 1495 motu
323 1445 467 1510 prorutae
483 1444 562 1495 sunt.

170 1519 274 1578 XXIX.
306 1518 482 1593 „Tarditas,
515 1518 627 1593 inquit,
659 1520 776 1578 illorum
802 1524 1008 1591 argumentum
1037 1526 1110 1580 estl

105 1603 263 1677 graviores
278 1619 347 1662 esse
361 1604 548 1677 multumque
560 1603 589 1660 in
602 1618 636 1662 se
647 1601 760 1661 habere
772 1600 899 1674 terreni,
915 1601 981 1677 ipse
995 1616 1081 1676 prae-

105 1693 188 1746 terea
201 1702 326 1745 cursus:
343 1687 405 1745 lere
419 1688 496 1745 enim
510 1686 723 1760 conpelluntur
734 1685 763 1745 in
774 1684 943 1744 cardines.“
962 1685 1083 1745 Utrum·

107 1783 167 1842 que
184 1770 291 1828 salsum
308 1778 363 1829 est.
397 1770 441 1827 lle
456 1771 557 1843 priore
570 1770 667 1828 dicam
682 1770 775 1842 prius.
810 1767 910 1839 Quid?
934 1784 1012 1842 quae
1025 1775 1082 1827 tar-

105 1851 175 1910 dius
200 1853 348 1924 leruntur,
375 1855 593 1926 gravissunt?
626 1853 696 1926 quid
721 1858 815 1925 ergo?
847 1853 933 1910 stella
951 1851 1081 1923 Saturni,

107 1950 186 2009 quae
201 1950 239 1995 ex
257 1936 396 1995 omnibus
413 1936 468 1995 iter
481 1953 569 1995 sunm
586 1937 752 1995 lentissime
768 1934 873 2007 elficit,
896 1935 997 2008 gravis
1014 1939 1082 1993 est?

106 2019 189 2094 atqui
215 2018 344 2077 levitatis
366 2026 574 2092 argumentum
599 2017 705 2092 habel,
735 2018 817 2093 quod
843 2033 938 2092 supra
963 2023 1080 2076 ceteras

105 2108 162 2159 est.
199 2101 281 2174 „Sed
304 2101 431 2174 maiore,
455 2104 571 2177 inquis,
594 2102 707 2162 ambitu
730 2101 835 2161 circuit
855 2116 912 2160 nec
930 2100 1045 2160 tardius
1061 2097 1110 2159 iti

106 2201 197 2259 quam
224 2194 360 2258 ceterae,
391 2186 447 2245 sed
471 2187 625 2261 longius.“
667 2185 832 2245 Succurrat
859 2184 912 2244 tibi
938 2184 1017 2243 idem
1042 2184 1081 2242 de

104 2267 232 2327 cometis
249 2284 295 2326 me
313 2285 406 2342 posse
422 2270 538 2340 dicere,
560 2269 678 2329 etiamsi
694 2267 818 2344 segnior
833 2267 891 2327 illis
908 2283 1016 2327 cursus
1032 2266 1080 2327 sit.

105 2351 161 2409 sed
187 2353 378 2410 mendacium
400 2360 446 2411 est
467 2354 509 2413 ire
531 2369 586 2412 eos
608 2353 734 2412 tardius.
772 2369 839 2411 nam
862 2351 939 2411 intra
961 2357 1079 2410 sextum

105 2449 241 2493 mensem
268 2435 421 2493 dimidiam
447 2437 523 2495 coeli
549 2444 666 2510 partem
693 2433 810 2494 transiit
835 2433 883 2492 hic
910 2433 1078 2508 proximuS,

105 2516 188 2591 prior
208 2518 286 2577 iutra
302 2519 464 2592 pauciores
480 2535 601 2579 menses
617 2520 733 2593 recepit
747 2532 792 2576 se.
825 2515 907 2589 „Sed
926 2517 997 2591 quia
1011 2521 1108 2589 gra-3

104 2615 160 2660 ves
183 2609 267 2674 sunt,
298 2601 424 2661 inlerius
452 2603 659 2662 deseruntru.“
700 2601 832 2660 Primum
860 2615 918 2658 non
945 2599 1080 2658 defertur

105 2685 187 2757 quod
204 2686 421 2745 circumfertur.
458 2685 573 2744 deinde
588 2685 636 2744 hic
653 2686 812 2760 proximus
827 2698 845 2741 a
861 2679 1079 2757 septemtrione

105 2775 205 2826 motus
228 2770 274 2828 sui
296 2769 409 2828 initium
434 2769 504 2828 lecit
525 2776 554 2828 et
574 2785 628 2843 per
649 2770 838 2830 occidentem
863 2767 893 2824 in
913 2764 1080 2824 meridiana

104 2853 243 2924 pervenit
257 2855 439 2926 erigensque
455 2868 577 2911 cursum
593 2868 681 2911 suurn
698 2852 822 2911 oblituit.
845 2851 920 2909 alter
931 2849 979 2908 ille
992 2848 1078 2908 Clau-

104 2933 213 2993 dianus
230 2952 247 2993 a
263 2937 478 3009 septemtrione
495 2936 621 3009 primum
637 2935 721 2995 visus
737 2950 797 2993 non
813 2931 903 2993 desiit
915 2933 946 2991 in
962 2940 1079 2992 rectum

104 3017 234 3077 adsidue
260 3020 370 3077 celsior
405 3019 494 3090 ferri,
529 3019 628 3079 donec
652 3018 795 3078 excessit.
841 3018 942 3076 Haec
975 3021 1077 3087 sunt,

104 3117 202 3175 quae
226 3109 288 3161 aut
316 3102 416 3162 alios
439 3117 593 3161 morere
614 3102 660 3160 ad
682 3108 853 3161 cometas
876 3100 1077 3175 pertinen·

105 3184 158 3242 tia
185 3193 249 3244 aut
277 3201 339 3244 me.
377 3201 455 3259 quae
477 3201 514 3243 an
531 3201 602 3244 vera
620 3184 695 3257 sint,
718 3184 747 3242 di
766 3185 880 3255 sciunt,
905 3183 1014 3259 quibus
1030 3186 1078 3241 est

105 3266 230 3327 scientia
245 3267 323 3327 veri=
346 3269 434 3327 nobis
449 3269 549 3326 rimari
564 3267 615 3327 illa
630 3275 660 3328 et
671 3267 844 3327 coniectura
859 3265 903 3325 ire
916 3267 944 3324 in
958 3264 1077 3327 occulta

104 3355 217 3408 tantum
237 3353 307 3410 licet
328 3366 384 3409 nee
406 3368 472 3410 cum
493 3350 605 3410 fiducia
615 3350 792 3410 inveniendi
808 3364 908 3424 neque
924 3351 990 3408 sine
1008 3362 1075 3423 spe.

166 3432 255 3492 XXX.
284 3434 411 3509 Egregie
428 3434 607 3494 Aristoteles
622 3433 662 3493 ait
677 3448 842 3508 numquam
854 3447 911 3493 nos
929 3447 1074 3493 verecun·
1088 3437 1103 3491 1
