2364 3840
152 203 193 267 58
439 204 473 263 L.
494 204 641 263 nannet
662 203 837 263 SENECAE

151 357 293 417 licitatem
308 355 500 433 parentibus,
520 364 553 415 ut
568 357 717 414 fateantur
731 361 788 428 [se]
801 355 887 429 ipsos
900 354 1079 420 liberorum
1089 360 1137 421 be·

152 440 269 500 nesrciis
292 442 437 516 inpares?
463 438 521 497 nisi
541 439 600 497 hoc
622 441 663 499 ita
683 438 869 512 iudicamus,
900 445 1138 506 excusationem

153 527 261 585 damus
284 524 387 583 liberis
409 530 439 581 et
460 523 528 581 illos
550 523 711 596 segniores
732 523 770 581 ad
792 523 988 583 referendam
1008 529 1137 601 gratiam

153 608 299 680 tacimus
329 607 440 682 quibus
467 606 606 664 stimulos
633 606 756 665 adicere
782 606 929 665 debemus
957 616 992 670 et
1018 610 1137 672 dicere:

151 693 211 751 hoe
233 689 329 764 agite,
353 689 457 763 optimi
476 690 613 747 iuvenes.
644 688 807 763 proposita
827 697 874 748 est
894 689 976 750 inter
991 704 1138 766 parentes

153 792 189 834 ac
205 775 319 833 liberos
334 772 464 832 honesta
480 773 648 846 contentio,
667 772 806 832 dederint
819 773 937 832 maiora
953 791 995 834 an
1011 794 1137 855 recepe

123 859 220 917 erint.
253 857 320 915 Non
332 856 401 915 idco
414 857 559 929 vicerunt,
577 855 646 930 quia
659 864 896 930 occupaverunt.
918 861 1038 922 sumite
1050 864 1138 924 modo

155 940 289 1001 animum
307 941 427 1013 qualem
443 940 531 999 decet
546 948 576 998 et
593 940 726 999 deficere
747 939 854 999 nolite:
877 938 1014 1003 vincetis
1033 954 1137 1021 optan-

153 1032 211 1085 tes.
233 1038 290 1081 nec
307 1023 417 1083 desunt
430 1030 492 1083 tarn
508 1022 635 1097 pulchro
652 1023 807 1083 certamini
827 1022 939 1098 duceS,
966 1030 1023 1101 qui
1042 1030 1085 1089 ad
1104 1031 1137 1090 si·

153 1107 236 1165 milia
252 1122 307 1165 ros
324 1106 522 1167 cohortentur
537 1123 573 1166 ac
589 1122 645 1181 per
656 1107 784 1180 vestigia
800 1122 856 1166 saa
867 1107 911 1165 ire
924 1109 966 1168 ad
979 1111 1137 1174 victoriam

155 1206 249 1264 saepe
264 1189 323 1249 iarn
338 1199 456 1264 partam
471 1208 510 1250 ex
526 1191 703 1265 parentibus
719 1191 851 1250 iubeant.

126 1271 142 1322 l
216 1273 363 1334 XXXVII.
390 1274 472 1334 Vicit
493 1280 616 1333 Aeneas
640 1281 771 1346 patrem,
796 1275 864 1347 ipse
879 1273 946 1333 eius
963 1275 994 1334 in
1013 1279 1137 1340 infantia

153 1359 222 1417 leve
242 1365 401 1431 tutumque
422 1367 594 1431 gestamen,
624 1373 746 1430 gravem
769 1358 856 1417 senio
878 1373 935 1432 per
957 1363 1070 1423 media
1090 1364 1135 1424 ho·

154 1443 244 1501 stium
260 1442 381 1515 agmina
395 1448 425 1499 et
440 1456 496 1513 per
511 1441 647 1500 cadentis
667 1441 747 1500 circa
760 1458 794 1501 se
805 1441 890 1501 urbis
900 1443 1013 1504 ruinas
1028 1447 1134 1517 serens

155 1542 222 1584 curn
245 1525 415 1598 conplexus
437 1539 526 1582 sacra
547 1540 583 1583 ac
605 1533 731 1597 penates
753 1524 829 1584 deos
851 1524 1025 1598 religiosus
1046 1544 1135 1590 senex

153 1624 215 1667 non
239 1607 369 1680 simplici
392 1607 553 1666 vadentem
574 1608 694 1666 sarcina
717 1616 876 1682 premeret.
899 1609 968 1669 tulit
981 1610 1074 1672 illum
1089 1628 1135 1688 per

153 1694 258 1764 ignes,
282 1698 311 1749 et
328 1691 416 1764 (quid
432 1705 493 1748 non
509 1689 607 1764 pietas
623 1696 759 1765 potestt)
773 1690 893 1765 pertulit
905 1694 1135 1772 colendumque

125 1773 232 1832 2inter
252 1774 427 1834 conditores
447 1775 574 1833 Romani
602 1775 721 1847 irnperii
747 1775 859 1848 posuit
901 1776 1023 1836 Vicere
1049 1776 1134 1840 Siculi

154 1858 297 1916 iuvenes:
327 1872 395 1918 curn
418 1858 517 1918 Aetna
537 1858 651 1916 maiore
672 1856 701 1916 ri
722 1859 890 1932 peragitata
914 1859 945 1917 in
967 1861 1085 1935 urbes,
1110 1863 1133 1921 in

154 1956 263 2015 agros,
291 1942 320 2000 in
340 1957 481 2015 magnam
503 1942 621 2000 insulae
637 1948 753 2014 partenr
769 1941 932 2001 effudisset
948 1942 1133 2017 incendium,

152 2032 303 2083 vexerunt
326 2033 468 2098 parentes
491 2041 575 2083 suos.
606 2024 791 2084 discessisse
811 2024 960 2085 creditum
984 2035 1038 2088 est
1053 2031 1133 2105 ignes

154 2115 184 2167 et
205 2108 357 2180 utrimque
379 2107 501 2165 flamma
522 2107 686 2167 recedente
705 2109 829 2167 limitem
851 2109 1054 2184 adapertum,
1088 2127 1135 2189 per

155 2205 246 2264 quern
268 2197 510 2249 transcurrerent
525 2191 650 2250 iuvenes
667 2191 852 2265 dignissimi,
874 2192 928 2265 qui
943 2208 1063 2268 magna
1078 2203 1134 2257 tuto

125 2273 312 2332 sauderent.
347 2273 429 2332 Vicit
448 2275 639 2349 Antigonus:
663 2277 714 2349 qui
736 2290 802 2334 cunr
818 2275 931 2348 ingenti
947 2279 1078 2349 proelio
1091 2297 1134 2340 su·

154 2362 297 2431 perasset
318 2355 452 2431 hostem,
479 2360 647 2434 praemium
661 2359 731 2417 belli
749 2359 788 2417 ad
804 2366 920 2433 patrem
936 2365 1135 2424 transtulitet

154 2440 315 2513 imperium
334 2441 376 2499 illi
398 2441 490 2518 Cypri
511 2443 644 2503 tradidit.
676 2443 736 2501 hoc
757 2449 805 2502 est
823 2457 967 2515 regnum,
991 2448 1080 2506 nolle
1095 2462 1135 2506 re

126 2524 265 2597 dgnare,
293 2541 361 2584 cum
385 2528 497 2600 possis.
537 2525 619 2586 Vicit
645 2532 761 2599 patrem
786 2525 989 2599 imperiosum
1012 2531 1134 2604 quiden

155 2607 302 2668 Manlium
326 2610 377 2683 qui
396 2626 462 2670 curn
479 2616 548 2669 ante
563 2609 601 2667 ad
618 2616 736 2683 tempus
752 2609 905 2682 relegatus
918 2618 1008 2671 esset
1020 2628 1040 2672 a
1053 2623 1134 2690 patre

156 2692 195 2750 ob
212 2692 450 2754 adulescentiam
462 2695 581 2753 brutam
594 2699 624 2752 et
635 2691 788 2767 hebetem,
804 2693 843 2752 ad
855 2693 1014 2753 tribunum
1026 2699 1133 2772 plebis,

156 2775 208 2847 qni
221 2777 297 2848 patri
309 2793 366 2836 suo
379 2778 498 2836 dixerat
513 2777 601 2848 diem,
615 2776 697 2834 venit
709 2776 867 2851 petitoque
879 2783 1035 2853 tempore,
1055 2780 1133 2858 quod

155 2856 205 2915 ille
225 2859 351 2919 dederat
374 2875 503 2934 sperans
525 2860 591 2918 lore
613 2859 800 2932 proditorem
816 2861 951 2935 parentis
968 2862 1085 2942 invisi,
1111 2870 1134 2924 et

155 2941 233 3000 bene
254 2943 404 3002 meruisse
422 2957 457 3000 se
473 2943 511 3000 de
526 2941 637 3001 iuvene
651 2943 808 3014 credebat,
832 2944 919 3003 cuius
934 2946 1067 3007 exilium
1083 2962 1132 3024 pro

154 3026 336 3098 gravissimo
359 3025 483 3084 crimine
503 3025 581 3084 inter
602 3025 661 3084 alia
682 3026 795 3086 Manlio
812 3026 979 3105 obiciebat,
1003 3040 1131 3093 narretur

155 3109 338 3167 adulescens
370 3116 520 3167 secretum
552 3109 669 3182 stringit
700 3113 883 3170 occultatum
915 3111 988 3174 sinu
1021 3116 1131 3177 ferrum

155 3199 197 3261 et,
227 3195 286 3249 atsi
306 3194 404 3263 iares,
433 3191 543 3264 inquit,
580 3199 607 3252 te
633 3195 710 3252 diem
732 3197 816 3268 petri
840 3197 1056 3275 remissurum,
1085 3202 1132 3263 het

154 3277 181 3331 te
202 3275 305 3344 eladio
330 3275 538 3347 transfodiant.
573 3279 604 3335 e‘o
629 3283 681 3335 tea
704 3284 847 3351 potestate
866 3284 928 3351 est,
958 3284 1131 3347 utromodo

148 3362 239 3430 puter
263 3373 343 3416 meus
367 3366 568 3419 accusatorem
591 3377 650 3419 aere
677 3361 793 3421 lrabeat.
837 3360 951 3421 Iuravit
979 3365 1130 3439 tribunus,

156 3453 212 3497 nec
240 3440 343 3500 lelellit
369 3449 398 3501 et
423 3459 547 3501 causam
567 3444 696 3504 actionis
721 3445 869 3520 remissae
891 3447 1040 3510 concioni
1065 3448 1130 3513 red·
