2364 3840
376 395 409 475 l.
441 392 579 475 lllllll
605 391 774 473 lllldlli

315 560 365 610 ΑΙ)
388 559 590 612 AEBUTIUM
614 559 842 610 LIBE-RAOEEM

44 694 259 788 llll
335 690 994 788 lllltllllCllS

487 875 620 938 LIBER
646 877 669 939 l.

474 1023 680 1032 -—--—-—.

152 1133 174 1190 I.
196 1132 277 1192 lnter
291 1132 402 1190 multos
423 1145 459 1188 nc
479 1128 582 1189 varios
604 1144 725 1188 errores
745 1137 858 1189 temere
878 1131 1093 1196 inconsulte-1

88 1231 151 1291 que
168 1213 333 1275 viventium
348 1213 420 1272 nihil
437 1214 658 1288 propemodum
675 1213 863 1285 [indiqniusl
889 1214 935 1272 vir
950 1217 1063 1289 optime

87 1297 252 1375 Liberalis,
277 1299 420 1369 dixerim,
443 1297 554 1372 [quom]
575 1295 658 1370 quod
673 1294 870 1355 beneficia
887 1312 957 1356 nec
971 1298 1063 1358 dare

88 1382 232 1442 scimus
247 1396 317 1441 neo
331 1381 523 1454 accipere.
561 1376 700 1454 sequitur
714 1378 809 1450 enim,
832 1381 953 1438 utmale
969 1381 1062 1440 collo—

88 1473 160 1524 cata
173 1466 251 1522 male
266 1464 442 1523 debeantur.
481 1462 647 1536 dequibus
667 1479 729 1520 non
750 1460 877 1522 redditis
899 1479 969 1524 sero
988 1479 1063 1538 que·

87 1549 199 1607 rimur=
216 1548 273 1605 isla
288 1547 367 1606 enim
382 1547 549 1620 perierunt,
570 1562 641 1621 cum
654 1545 806 1604 darentur.
841 1547 916 1606 Nec
930 1549 1064 1606 mirum
1078 1561 1095 1610 2

88 1637 151 1690 est
179 1630 282 1687 inter
314 1630 479 1702 plurima
514 1630 756 1702 maximaque
789 1628 884 1689 vitia
916 1631 1063 1690 nullum

89 1725 182 1771 esse
206 1710 453 1783 frequentius
476 1728 587 1783 quam
609 1712 754 1784 ingrati
778 1712 900 1771 animi.
930 1715 1063 1772 ideve-

91 1793 178 1853 nire
199 1805 244 1849 ex
268 1790 402 1849 causis
433 1793 612 1866 pluribus
643 1793 772 1852 video:
802 1795 900 1867 prima
929 1798 979 1856 illa
1007 1805 1063 1870 est,

90 1875 176 1951 quod
189 1891 250 1934 non
264 1873 402 1948 eligimus
415 1875 534 1948 dignos,
548 1875 658 1948 quibus
671 1874 848 1934 tribuamus
868 1876 931 1935 Sed
941 1879 1065 1938 nomina

91 1960 200 2019 facturi
216 1957 375 2031 diligenter
390 1959 604 2031 patrimonium
619 1964 649 2017 et
663 1958 756 2017 vitam
773 1957 920 2018 debitoris
941 1960 1065 2034 inquiri-

89 2058 169 2101 mus.
204 2043 320 2102 semina
335 2041 365 2099 in
381 2042 480 2101 solum
494 2041 617 2101 effetum
632 2050 662 2102 et
677 2042 778 2101 sterile
796 2058 857 2101 non
873 2044 1064 2118 spargimus=

89 2125 242 2185 beneficia
257 2128 323 2184 sine
337 2127 399 2185 ullo
415 2125 536 2186 delectu
549 2124 646 2200 magis
662 2125 828 2200 proicimus
841 2143 934 2201 quam
945 2127 1064 2188 damus.

90 2208 155 2267 Nec
170 2209 258 2267 facile
273 2209 415 2280 dixerim,
431 2216 532 2268 utrum
545 2211 664 2284 turpius
680 2209 719 2267 sit
735 2209 856 2268 infitiari
871 2227 910 2270 an
925 2218 1065 2286 repetere
1080 2224 1098 2277 a

90 2290 283 2350 beneficium.
312 2292 344 2350 id
361 2293 440 2350 enim
455 2308 553 2366 genus
569 2293 658 2352 huius
671 2293 776 2352 crediti
791 2301 853 2366 est,
869 2311 909 2354 ex
924 2311 985 2369 quo
1000 2300 1068 2354 tan·

90 2382 154 2434 tum
169 2373 377 2448 recipiendum
392 2374 433 2434 sit
450 2384 595 2449 quantum
616 2377 695 2436 ultro
720 2377 865 2436 refertum
892 2378 1066 2452 decoquere

90 2472 166 2515 vero
184 2455 394 2516 foedissimum
410 2459 449 2517 ob
464 2458 523 2519 hoo
543 2459 660 2534 ipsum,
685 2459 755 2532 quia
775 2476 836 2518 non
856 2477 935 2535 opus
958 2468 1004 2519 est
1026 2461 1065 2519 ad

92 2539 397 2599 liberandam‘fidem
415 2541 622 2615 facultatibus,
643 2543 700 2600 sed
715 2540 825 2601 animo.
864 2542 963 2600 reddit
984 2541 1064 2600 enim

91 2623 275 2682 beneficium
291 2623 343 2697 qui
358 2625 487 2684 libenter
501 2625 600 2684 debet.
642 2624 705 2683 Sed
720 2641 788 2683 cum
804 2623 844 2685 sit
864 2624 894 2682 in
915 2622 991 2698 ipsis
1008 2624 1064 2683 cri·
1080 2638 1097 2688 4

92 2721 172 2780 men,
188 2706 240 2779 qui
251 2723 290 2765 ne
305 2708 501 2767 consessione
517 2708 640 2782 quidem
651 2707 728 2781 grati
744 2714 823 2780 sunl,
842 2706 872 2766 in
885 2707 974 2766 nobis
988 2724 1064 2782 quo-

93 2804 154 2862 que
166 2794 222 2848 est.
244 2789 356 2850 Multos
369 2791 543 2864 experimur
553 2789 702 2864 ingratos,
719 2791 822 2864 plures
839 2789 976 2863 facimus,
994 2791 1066 2865 quia

93 2872 169 2931 alias
191 2887 302 2946 graves
324 2873 562 2947 exprobratores
593 2880 817 2948 exactoresque
840 2890 960 2947 sumus,
989 2873 1066 2933 alias

92 2955 178 3014 leves
200 2962 230 3013 et
252 2973 331 3030 quos
353 2958 443 3030 paulo
466 2965 538 3030 post
560 2957 693 3016 muneris
721 2960 769 3016 sui
790 2957 959 3032 poeniteat,
990 2957 1066 3018 alias

94 3037 214 3110 queruli
229 3045 258 3096 et
274 3038 397 3098 minima
413 3047 566 3100 momenta
576 3041 794 3101 calumniantes
807 3041 933 3114 gratiam
946 3056 1067 3099 omnem

92 3121 332 3195 corrumpimus,
353 3138 414 3182 non
438 3130 551 3183 tantum
568 3130 729 3197 postquam
751 3123 891 3183 dedimus
906 3123 1065 3191 beneficia,

92 3205 150 3263 sed
164 3204 236 3263 dum
252 3205 370 3264 damus.
408 3192 480 3278 Qum
496 3213 632 3266 nostrum
648 3214 810 3267 contentus
824 3208 880 3266 luit
894 3214 946 3265 aut
960 3206 1067 3264 leviter
1081 3218 1099 3268 5

90 3288 194 3360 rogari
210 3294 261 3346 aut
279 3288 395 3347 semel?
424 3291 492 3363 quis
508 3306 585 3363 non,
607 3307 676 3349 eum
700 3289 816 3365 aliquid
830 3305 856 3348 a
877 3305 912 3347 se
933 3290 994 3362 peti
1013 3305 1064 3346 su·

91 3370 230 3444 spicatus
246 3378 308 3445 est,
335 3372 464 3431 irontem
489 3371 628 3448 adduxit,
651 3374 767 3434 voltum
787 3373 908 3448 avertit,
933 3385 1063 3475 oocupa-

132 3472 235 3511 suuucx
248 3473 316 3512 unio.
337 3459 368 3514 ll.
845 3465 860 3516 1
