2364 3840
277 191 328 251 DE
348 190 562 251 BENEFICllS
583 191 656 250 LIB.
668 191 720 250 VI.
742 200 839 253 2-4.
982 191 1042 255 109

57 343 122 404 tois
135 350 167 403 et
181 349 292 402 certam
304 341 357 402 tibi
369 358 473 401 earum
485 349 576 416 atque
588 340 852 414 inexpugnabilem
866 344 1042 415 possessio-

59 443 134 486 nem
150 442 224 501 para
237 425 430 485 honestiores
446 427 513 484 illas
529 438 590 482 non
606 425 720 495 solum,
739 425 796 483 sed
806 425 934 484 tutiores
946 426 1041 485 lactu-

58 525 127 569 rus.
156 508 240 568 Istud
255 509 339 582 quod
351 507 500 582 suspicis,
517 523 578 585 quo
593 514 623 566 te
638 508 762 567 divitem
773 523 809 567 ac
821 516 973 581 potentem
986 516 1071 583 pu-4

58 599 124 666 tas,
142 592 287 666 quamdiu
300 591 459 666 possides,
476 590 533 650 sub
545 592 668 651 nomine
679 591 805 652 sordido
818 592 911 651 iacet:
931 592 1041 652 domus

58 681 119 750 est,
132 690 242 734 servus
256 681 316 748 est,
335 675 448 735 nummi
461 681 541 734 sunt.
561 690 629 734 curn
642 676 772 747 donasti,
788 675 969 735 beneficium
984 683 1041 736 est.

126 758 180 816 lv.
214 756 366 831 „Fateris‚
388 757 499 832 inquit,
522 774 580 818 nos
600 759 766 833 aliquando
783 759 965 818 beneficium
981 767 1071 820 nonl

58 841 177 901 debere
193 841 236 914 ei,
256 856 351 915 aquo
367 842 557 915 accepimus:
578 857 650 915 ergo
667 850 804 916 ereptum
819 847 895 901 est.“
923 843 1043 903 Multa

57 932 165 998 sunt,
194 931 357 998 propter
386 940 482 999 quac
507 924 741 984 beneficium
769 926 911 986 debere
937 927 1040 986 desi-

36 1007 203 1080 'nimus,
227 1025 299 1067 non
316 1009 405 1083 quia
427 1009 607 1081 ablatum,
631 1008 697 1068 sed
715 1009 1041 1085 quiacorruptum

56 1098 130 1150 est.
167 1090 288 1165 Aliquis
309 1107 394 1150 reum
414 1108 462 1151 me
484 1090 634 1164 defendit,
657 1091 713 1150 sed
731 1107 858 1150 uxorem
873 1110 970 1153 meam
986 1110 1042 1169 per

57 1174 122 1233 vim
142 1181 249 1248 stupro
269 1174 408 1234 violavit:
432 1192 491 1235 non
513 1175 637 1234 abstulit
651 1174 849 1246 beneficium,
872 1178 928 1234 sed
944 1193 1041 1251 oppo-

54 1257 164 1316 nendo
180 1257 220 1316 illi
236 1274 342 1332 parem
355 1258 493 1318 iniuriam
508 1259 599 1318 solvit
612 1274 659 1316 mc
676 1258 792 1331 debito,
813 1266 844 1317 et
858 1259 884 1316 si
899 1259 968 1333 plus
980 1261 1041 1319 lae-

56 1340 101 1400 sit
118 1357 210 1414 quam
232 1348 301 1400 ante
320 1343 489 1415 profuerat,
513 1358 573 1401 non
588 1348 701 1401 tantum
717 1342 815 1415 gratia
830 1343 1040 1416 exstinguitur,

59 1425 119 1483 sed
138 1424 307 1483 ulciscendi
329 1425 538 1500 querendique
559 1425 684 1485 libertas
706 1425 753 1498 lit,
781 1425 832 1484 ubi
848 1427 878 1484 in
894 1441 1042 1500 conpara-

56 1505 144 1567 tione
165 1507 305 1567 beneficii
327 1510 583 1583 praeponderavit
605 1508 729 1568 iniuria:
757 1509 799 1568 ita
825 1526 886 1569 non
908 1511 1043 1569 aufertur

56 1590 260 1664 beneficium,
285 1593 341 1650 sed
354 1592 493 1653 vincitur.
529 1593 629 1665 Quid?
650 1611 710 1653 non
727 1600 786 1651 tam
799 1594 866 1653 duri
879 1594 1001 1669 quidam
1014 1601 1070 1656 ets

56 1681 121 1733 tam
144 1674 284 1733 scelerati
302 1682 404 1749 patres
420 1682 505 1749 sunt,
530 1684 563 1735 ut
577 1678 645 1735 illos
661 1678 796 1736 aversari
815 1685 845 1736 ct
859 1679 978 1738 eiurare
993 1678 1041 1737 ius

57 1758 172 1832 fasque
187 1758 247 1818 sit?
267 1760 415 1833 numquid
430 1775 503 1833 ergo
519 1760 560 1818 illi
574 1761 765 1820 abstulerunt
781 1777 860 1834 quae
873 1762 1043 1820 dederant?

58 1840 199 1914 minime,
222 1842 278 1900 sed
299 1841 428 1916 inpietas
452 1842 643 1916 sequentium
661 1852 832 1917 temporum
848 1845 1042 1903 commenda-

56 1923 173 1991 tionem
192 1926 290 1984 omnis
305 1926 416 1999 prioris
433 1927 525 1984 oflicii
542 1927 671 1985 sustulit.
706 1927 772 1984 Non
788 1926 970 1986 beneficium
985 1928 1041 1986 tol-

57 2008 140 2082 litur,
157 2009 213 2067 sed
226 2003 368 2068 beneficii
384 2010 493 2083 gratia,
510 2016 540 2067 et
554 2010 683 2068 efficitur
698 2026 758 2068 non
772 2026 810 2068 ne
824 2009 969 2082 habeam,
985 2010 1043 2069 sed

58 2107 100 2150 ne
123 2091 260 2151 debeam.
296 2093 463 2166 Tamquam
484 2093 643 2167 pecuniam
668 2093 778 2168 aliquis
805 2092 876 2150 mihi
904 2092 1040 2166 credidit,

58 2175 118 2235 sed
130 2174 252 2234 domurn
265 2191 362 2234 meam
376 2177 518 2235 incendit.
535 2185 696 2250 pensatum
704 2178 905 2236 estereditum
913 2177 1041 2236 damno:

58 2272 118 2317 nec
140 2255 262 2318 reddidi
284 2258 338 2331 illi,
363 2275 421 2318 nec
437 2267 537 2318 tamen
555 2260 665 2321 debeo.
698 2261 813 2321 Eodem
832 2261 924 2321 modo
941 2269 971 2320 et
983 2262 1070 2333 hic,3

26 2336 31 2343 '
59 2342 113 2416 qui
128 2340 243 2416 aliquid
257 2343 390 2416 benigne
405 2343 554 2402 adversus
570 2359 618 2401 mc
633 2343 719 2414 lecit,
742 2345 856 2417 aliquid
868 2345 1040 2417 liberaliter,

59 2425 117 2485 sed
139 2433 250 2499 postea
267 2426 525 2500 multasuperbe,
548 2428 781 2498 contumeliose,
804 2428 980 2499 crudeliter,
1004 2443 1041 2486 eo

58 2509 129 2568 loco
151 2524 201 2567 me
221 2510 339 2583 posuit,
361 2516 395 2568 ut
415 2509 545 2605 proinde
569 2510 646 2568 liber
668 2512 817 2569 adversus
839 2525 908 2568 eum
929 2524 1040 2581 essem,

58 2592 97 2650 ac
113 2609 140 2652 sr
132 2591 228 2650 nihil
245 2592 446 2666 accepissem.
473 2594 533 2652 vim
549 2591 707 2652 beneficiis
723 2591 788 2652 suis
804 2591 918 2650 adtulit.
955 2591 1043 2650 Colo·
1053 2597 1071 2651 4

58 2691 131 2735 num
154 2692 244 2735 suum
266 2693 327 2736 non
350 2683 433 2735 tenet
456 2656 595 2752 quamvis
615 2676 734 2735 tabellis
757 2674 964 2746 manentibuS,
989 2675 1042 2770 qui

44 2765 196 2832 segetem
212 2759 278 2818 eius
296 2761 500 2833 proculcavit,
523 2758 574 2834 qui
590 2760 721 2819 succidit
733 2759 871 2830 arbusta,
893 2774 955 2818 non
970 2759 1043 2833 quia

57 2843 177 2916 recepit
192 2844 274 2917 quod
291 2845 463 2918 pepigerat,
482 2844 536 2902 sed
555 2844 626 2916 quia
639 2859 677 2901 ne
692 2843 843 2916 reciperet
856 2841 966 2902 effecit.
991 2842 1042 2902 Sic

58 2925 190 2986 debitori
212 2941 270 2987 suo
292 2927 424 2987 creditor
446 2943 542 3000 saepe
563 2928 737 2999 damnatur,
759 2925 811 2985 ubi
833 2926 902 3000 plus
924 2926 1043 2986 exalia

58 3024 155 3069 causa
180 3010 304 3088 abstulit
325 3027 414 3085 quam
437 3026 476 3069 ex
499 3010 605 3070 crediti
626 3011 708 3084 petit.
746 3009 812 3070 Non
833 3016 947 3069 tantum
965 3008 1070 3076 intera

61 3093 244 3153 creditorem
259 3101 290 3152 et
304 3094 472 3153 debitorem
486 3093 581 3153 iudex
596 3095 684 3154 sedet
699 3092 751 3170 qui
763 3095 856 3154 dicat:
878 3094 1041 3168 pecuniam

58 3176 227 3235 credidisti.
254 3178 327 3251 quid
342 3185 437 3252 ergo?
459 3193 555 3252 pecus
572 3179 713 3252 abegisti,
739 3195 860 3237 servum
876 3177 942 3237 eius
959 3177 1040 3238 ocei-

57 3258 144 3333 disti,
167 3267 322 3333 argentum
340 3262 424 3336 quod
439 3279 500 3320 non
515 3277 633 3321 emeras
652 3263 807 3336 possides.
831 3262 1040 3320 aestimatione

56 3343 140 3402 lacta
153 3342 273 3403 debitor
289 3343 414 3404 discede
426 3346 477 3420 qui
491 3345 624 3406 creditor
634 3362 780 3405 veneras:
802 3345 879 3403 inter
888 3342 1040 3402 beneficia

56 3441 185 3501 quoque
205 3432 235 3485 et
254 3425 381 3488 iniurias
395 3430 472 3489 ratio
489 3430 652 3489 confertur.
685 3429 801 3502 Saepe,
822 3426 962 3501 inquam,
985 3425 1067 3486 be-li
