<?xml version="1.0" encoding="UTF-8"?>
<!DOCTYPE html PUBLIC "-//W3C//DTD XHTML 1.0 Transitional//EN"
    "http://www.w3.org/TR/xhtml1/DTD/xhtml1-transitional.dtd">
<html xmlns="http://www.w3.org/1999/xhtml" xml:lang="en" lang="en">
 <head>
  <title>
</title>
<meta http-equiv="Content-Type" content="text/html;charset=utf-8" />
  <meta name='ocr-system' content='tesseract 3.04.00' />
  <meta name='ocr-capabilities' content='ocr_page ocr_carea ocr_par ocr_line ocrx_word'/>
</head>
<body>
  <div class='ocr_page' id='page_1' title='image "./lannaeisenecaeo01senegoog_0088.png"; bbox 0 0 2364 3840; ppageno 0'>
   <div class='ocr_carea' id='block_1_1' title="bbox 286 188 1074 280">
    <p class='ocr_par' dir='ltr' id='par_1_1' title="bbox 286 188 1074 280">
     <span class='ocr_line' id='line_1_1' title="bbox 286 188 1074 280; baseline 0.005 -4"><span class='ocrx_word' id='word_1_1' title='bbox 286 218 336 276; x_wconf 86' lang='lat' dir='ltr'>oa</span> <span class='ocrx_word' id='word_1_2' title='bbox 358 215 571 276; x_wconf 79' lang='lat' dir='ltr'>ermricus</span> <span class='ocrx_word' id='word_1_3' title='bbox 593 217 664 275; x_wconf 81' lang='lat' dir='ltr'>ma.</span> <span class='ocrx_word' id='word_1_4' title='bbox 682 218 731 275; x_wconf 84' lang='lat' dir='ltr'>iv.</span> <span class='ocrx_word' id='word_1_5' title='bbox 755 188 887 279; x_wconf 28' lang='lat' dir='ltr'>nas-ss.</span> <span class='ocrx_word' id='word_1_6' title='bbox 1035 217 1074 280; x_wconf 79' lang='lat'>75</span> 
     </span>
    </p>
   </div>
   <div class='ocr_carea' id='block_1_2' title="bbox 58 368 1103 3539">
    <p class='ocr_par' dir='ltr' id='par_1_2' title="bbox 58 368 1075 693">
     <span class='ocr_line' id='line_1_2' title="bbox 95 368 1075 443; baseline 0.001 -16"><span class='ocrx_word' id='word_1_7' title='bbox 95 369 204 443; x_wconf 81' lang='lat' dir='ltr'>recipit</span> <span class='ocrx_word' id='word_1_8' title='bbox 224 368 382 428; x_wconf 91' lang='lat' dir='ltr'>sordidum</span> <span class='ocrx_word' id='word_1_9' title='bbox 403 369 499 426; x_wconf 84' lang='lat' dir='ltr'>virtus</span> <span class='ocrx_word' id='word_1_10' title='bbox 522 374 703 428; x_wconf 74' lang='lat' dir='ltr'><strong>amatorem:</strong></span> <span class='ocrx_word' id='word_1_11' title='bbox 726 368 826 427; x_wconf 92' lang='lat' dir='ltr'>soluto</span> <span class='ocrx_word' id='word_1_12' title='bbox 848 369 887 426; x_wconf 87' lang='lat' dir='ltr'>ad</span> <span class='ocrx_word' id='word_1_13' title='bbox 910 368 989 426; x_wconf 91' lang='lat' dir='ltr'>illam</span> <span class='ocrx_word' id='word_1_14' title='bbox 1005 369 1075 428; x_wconf 88' lang='lat' dir='ltr'>siun</span> 
     </span>
     <span class='ocr_line' id='line_1_3' title="bbox 96 451 1074 525; baseline 0.001 -15"><span class='ocrx_word' id='word_1_15' title='bbox 96 453 282 511; x_wconf 88' lang='lat' dir='ltr'>veniendum</span> <span class='ocrx_word' id='word_1_16' title='bbox 298 458 353 511; x_wconf 89' lang='lat' dir='ltr'>est.</span> <span class='ocrx_word' id='word_1_17' title='bbox 386 451 526 525; x_wconf 80' lang='lat' dir='ltr'>Ingratus</span> <span class='ocrx_word' id='word_1_18' title='bbox 541 451 601 510; x_wconf 92' lang='lat' dir='ltr'>hoo</span> <span class='ocrx_word' id='word_1_19' title='bbox 617 452 743 524; x_wconf 81' lang='lat' dir='ltr'>cogitat:</span> <span class='ocrx_word' id='word_1_20' title='bbox 765 451 931 522; x_wconf 86' lang='lat' dir='ltr'>„volebam</span> <span class='ocrx_word' id='word_1_21' title='bbox 947 451 1074 524; x_wconf 76' lang='lat' dir='ltr'>gratiam</span> 
     </span>
     <span class='ocr_line' id='line_1_4' title="bbox 95 533 1075 609; baseline 0 -15"><span class='ocrx_word' id='word_1_22' title='bbox 95 538 224 606; x_wconf 86' lang='lat' dir='ltr'>reterre,</span> <span class='ocrx_word' id='word_1_23' title='bbox 257 536 313 594; x_wconf 92' lang='lat' dir='ltr'>sed</span> <span class='ocrx_word' id='word_1_24' title='bbox 334 537 425 595; x_wconf 90' lang='lat' dir='ltr'>timeo</span> <span class='ocrx_word' id='word_1_25' title='bbox 447 536 623 609; x_wconf 82' lang='lat' dir='ltr'>inpensam,</span> <span class='ocrx_word' id='word_1_26' title='bbox 645 535 735 593; x_wconf 91' lang='lat' dir='ltr'>timeo</span> <span class='ocrx_word' id='word_1_27' title='bbox 758 533 941 608; x_wconf 88' lang='lat' dir='ltr'>periculum,</span> <span class='ocrx_word' id='word_1_28' title='bbox 965 549 1075 594; x_wconf 87' lang='lat' dir='ltr'>vereor</span> 
     </span>
     <span class='ocr_line' id='line_1_5' title="bbox 58 617 1074 693; baseline -0.005 -10"><span class='ocrx_word' id='word_1_29' title='bbox 58 623 74 684; x_wconf 69' lang='lat' dir='ltr'><strong><em>J</em></strong></span> <span class='ocrx_word' id='word_1_30' title='bbox 97 620 257 679; x_wconf 88' lang='lat' dir='ltr'>offensam.</span> <span class='ocrx_word' id='word_1_31' title='bbox 291 619 399 678; x_wconf 89' lang='lat' dir='ltr'>taoiam</span> <span class='ocrx_word' id='word_1_32' title='bbox 422 620 525 692; x_wconf 91' lang='lat' dir='ltr'>potius</span> <span class='ocrx_word' id='word_1_33' title='bbox 541 618 625 693; x_wconf 90' lang='lat' dir='ltr'>quod</span> <span class='ocrx_word' id='word_1_34' title='bbox 640 617 794 692; x_wconf 85' lang='lat' dir='ltr'>expedit.“</span> <span class='ocrx_word' id='word_1_35' title='bbox 824 618 889 676; x_wconf 93' lang='lat' dir='ltr'>Non</span> <span class='ocrx_word' id='word_1_36' title='bbox 907 625 1008 692; x_wconf 89' lang='lat' dir='ltr'>potest</span> <span class='ocrx_word' id='word_1_37' title='bbox 1024 635 1074 678; x_wconf 90' lang='lat' dir='ltr'>ea-</span> 
     </span>
    </p>

    <p class='ocr_par' dir='ltr' id='par_1_3' title="bbox 58 703 1074 777">
     <span class='ocr_line' id='line_1_6' title="bbox 58 703 1074 777; baseline -0.005 -9"><span class='ocrx_word' id='word_1_38' title='bbox 58 731 63 768; x_wconf 72' lang='lat' dir='ltr'>r</span> <span class='ocrx_word' id='word_1_39' title='bbox 96 704 165 763; x_wconf 91' lang='lat' dir='ltr'>dem</span> <span class='ocrx_word' id='word_1_40' title='bbox 187 704 263 762; x_wconf 90' lang='lat' dir='ltr'>ratio</span> <span class='ocrx_word' id='word_1_41' title='bbox 285 710 315 762; x_wconf 92' lang='lat' dir='ltr'>et</span> <span class='ocrx_word' id='word_1_42' title='bbox 335 709 453 776; x_wconf 82' lang='lat' dir='ltr'>gratum</span> <span class='ocrx_word' id='word_1_43' title='bbox 469 703 570 761; x_wconf 89' lang='lat' dir='ltr'>lacere</span> <span class='ocrx_word' id='word_1_44' title='bbox 586 710 615 762; x_wconf 91' lang='lat' dir='ltr'>et</span> <span class='ocrx_word' id='word_1_45' title='bbox 628 703 787 777; x_wconf 85' lang='lat' dir='ltr'>ingratum.</span> <span class='ocrx_word' id='word_1_46' title='bbox 823 711 856 763; x_wconf 95' lang='lat' dir='ltr'>ut</span> <span class='ocrx_word' id='word_1_47' title='bbox 871 704 993 763; x_wconf 89' lang='lat' dir='ltr'>divorsa</span> <span class='ocrx_word' id='word_1_48' title='bbox 1008 704 1074 763; x_wconf 93' lang='lat' dir='ltr'>illo-</span> 
     </span>
    </p>

    <p class='ocr_par' dir='ltr' id='par_1_4' title="bbox 58 785 1072 862">
     <span class='ocr_line' id='line_1_7' title="bbox 58 785 1072 862; baseline -0.001 -15"><span class='ocrx_word' id='word_1_49' title='bbox 58 813 68 853; x_wconf 65' lang='grc' dir='ltr'><strong>ε</strong></span> <span class='ocrx_word' id='word_1_50' title='bbox 94 804 162 847; x_wconf 87' lang='lat' dir='ltr'>rum</span> <span class='ocrx_word' id='word_1_51' title='bbox 179 803 288 862; x_wconf 90' lang='lat' dir='ltr'>opera,</span> <span class='ocrx_word' id='word_1_52' title='bbox 302 785 343 845; x_wconf 91' lang='lat' dir='ltr'>ita</span> <span class='ocrx_word' id='word_1_53' title='bbox 359 787 481 845; x_wconf 90' lang='lat' dir='ltr'>diversa</span> <span class='ocrx_word' id='word_1_54' title='bbox 496 787 573 845; x_wconf 91' lang='lat' dir='ltr'>inter</span> <span class='ocrx_word' id='word_1_55' title='bbox 586 802 621 845; x_wconf 90' lang='lat' dir='ltr'>se</span> <span class='ocrx_word' id='word_1_56' title='bbox 637 789 795 862; x_wconf 88' lang='lat' dir='ltr'>proposita</span> <span class='ocrx_word' id='word_1_57' title='bbox 809 794 894 847; x_wconf 85' lang='lat' dir='ltr'>sunt:</span> <span class='ocrx_word' id='word_1_58' title='bbox 909 787 959 846; x_wconf 89' lang='lat' dir='ltr'>ille</span> <span class='ocrx_word' id='word_1_59' title='bbox 972 788 1072 861; x_wconf 81' lang='lat' dir='ltr'>ingra-</span> 
     </span>
    </p>

    <p class='ocr_par' dir='ltr' id='par_1_5' title="bbox 58 870 1074 946">
     <span class='ocr_line' id='line_1_8' title="bbox 58 870 1074 946; baseline -0.003 -11"><span class='ocrx_word' id='word_1_60' title='bbox 58 896 65 936; x_wconf 70' lang='grc' dir='ltr'><strong>ι</strong></span> <span class='ocrx_word' id='word_1_61' title='bbox 93 878 143 931; x_wconf 88' lang='lat' dir='ltr'>tus</span> <span class='ocrx_word' id='word_1_62' title='bbox 160 878 221 946; x_wconf 91' lang='grc' dir='ltr'><strong>εει,</strong></span> <span class='ocrx_word' id='word_1_63' title='bbox 245 870 382 945; x_wconf 89' lang='lat' dir='ltr'>quamvis</span> <span class='ocrx_word' id='word_1_64' title='bbox 404 887 465 930; x_wconf 94' lang='lat' dir='ltr'>non</span> <span class='ocrx_word' id='word_1_65' title='bbox 482 877 636 944; x_wconf 82' lang='lat' dir='ltr'>oporteat,</span> <span class='ocrx_word' id='word_1_66' title='bbox 658 871 730 945; x_wconf 86' lang='lat' dir='ltr'>quia</span> <span class='ocrx_word' id='word_1_67' title='bbox 745 871 878 946; x_wconf 89' lang='lat' dir='ltr'>expedit.</span> <span class='ocrx_word' id='word_1_68' title='bbox 905 870 955 930; x_wconf 91' lang='lat' dir='ltr'>hic</span> <span class='ocrx_word' id='word_1_69' title='bbox 970 881 1074 946; x_wconf 81' lang='lat' dir='ltr'>gratus</span> 
     </span>
    </p>

    <p class='ocr_par' dir='ltr' id='par_1_6' title="bbox 58 955 791 1031">
     <span class='ocr_line' id='line_1_9' title="bbox 58 955 791 1031; baseline -0.003 -17"><span class='ocrx_word' id='word_1_70' title='bbox 58 983 64 1023; x_wconf 70' lang='grc' dir='ltr'>ς</span> <span class='ocrx_word' id='word_1_71' title='bbox 92 963 150 1026; x_wconf 85' lang='grc' dir='ltr'><strong>εει,</strong></span> <span class='ocrx_word' id='word_1_72' title='bbox 169 956 307 1031; x_wconf 91' lang='lat' dir='ltr'>quamvis</span> <span class='ocrx_word' id='word_1_73' title='bbox 323 972 383 1014; x_wconf 93' lang='lat' dir='ltr'>non</span> <span class='ocrx_word' id='word_1_74' title='bbox 401 955 559 1030; x_wconf 90' lang='lat' dir='ltr'>expediat,</span> <span class='ocrx_word' id='word_1_75' title='bbox 575 956 647 1028; x_wconf 87' lang='lat' dir='ltr'>quia</span> <span class='ocrx_word' id='word_1_76' title='bbox 663 962 791 1030; x_wconf 90' lang='lat' dir='ltr'>oportet.</span> 
     </span>
    </p>

    <p class='ocr_par' dir='ltr' id='par_1_7' title="bbox 58 1039 1103 2288">
     <span class='ocr_line' id='line_1_10' title="bbox 58 1039 1103 1114; baseline 0.002 -14"><span class='ocrx_word' id='word_1_77' title='bbox 58 1083 63 1107; x_wconf 57' lang='lat'><em>2</em></span> <span class='ocrx_word' id='word_1_78' title='bbox 180 1041 272 1101; x_wconf 86' lang='lat' dir='ltr'>XXV.</span> <span class='ocrx_word' id='word_1_79' title='bbox 295 1039 489 1114; x_wconf 84' lang='lat' dir='ltr'>Propositum</span> <span class='ocrx_word' id='word_1_80' title='bbox 511 1046 558 1099; x_wconf 90' lang='grc' dir='ltr'>εει</span> <span class='ocrx_word' id='word_1_81' title='bbox 578 1039 667 1098; x_wconf 94' lang='lat' dir='ltr'>nobis</span> <span class='ocrx_word' id='word_1_82' title='bbox 682 1042 850 1102; x_wconf 84' lang='lat' dir='ltr'>secundum</span> <span class='ocrx_word' id='word_1_83' title='bbox 865 1059 965 1102; x_wconf 89' lang='lat' dir='ltr'>rerum</span> <span class='ocrx_word' id='word_1_84' title='bbox 987 1051 1103 1104; x_wconf 91' lang='lat' dir='ltr'>natu-1</span> 
     </span>
     <span class='ocr_line' id='line_1_11' title="bbox 58 1125 1072 1202; baseline 0.001 -15"><span class='ocrx_word' id='word_1_85' title='bbox 58 1168 60 1172; x_wconf 64' lang='grc'><em>»</em></span> <span class='ocrx_word' id='word_1_86' title='bbox 90 1143 160 1187; x_wconf 87' lang='lat' dir='ltr'>ram</span> <span class='ocrx_word' id='word_1_87' title='bbox 174 1125 279 1184; x_wconf 82' lang='lat' dir='ltr'>nivere</span> <span class='ocrx_word' id='word_1_88' title='bbox 295 1131 324 1184; x_wconf 89' lang='lat' dir='ltr'>et</span> <span class='ocrx_word' id='word_1_89' title='bbox 338 1126 465 1186; x_wconf 91' lang='lat' dir='ltr'>deorum</span> <span class='ocrx_word' id='word_1_90' title='bbox 481 1127 652 1200; x_wconf 88' lang='lat' dir='ltr'>exemplum</span> <span class='ocrx_word' id='word_1_91' title='bbox 669 1125 772 1200; x_wconf 88' lang='lat' dir='ltr'>sequi:</span> <span class='ocrx_word' id='word_1_92' title='bbox 792 1126 823 1184; x_wconf 93' lang='lat' dir='ltr'>di</span> <span class='ocrx_word' id='word_1_93' title='bbox 839 1134 952 1198; x_wconf 86' lang='lat' dir='ltr'>nutem,</span> <span class='ocrx_word' id='word_1_94' title='bbox 976 1129 1072 1202; x_wconf 89' lang='lat' dir='ltr'>quod-</span> 
     </span>
     <span class='ocr_line' id='line_1_12' title="bbox 91 1209 1073 1285; baseline -0.003 -13"><span class='ocrx_word' id='word_1_95' title='bbox 91 1225 226 1285; x_wconf 87' lang='lat' dir='ltr'>cumque</span> <span class='ocrx_word' id='word_1_96' title='bbox 247 1209 372 1281; x_wconf 85' lang='lat' dir='ltr'>iaciunt,</span> <span class='ocrx_word' id='word_1_97' title='bbox 400 1209 430 1268; x_wconf 95' lang='lat' dir='ltr'>in</span> <span class='ocrx_word' id='word_1_98' title='bbox 458 1226 495 1269; x_wconf 89' lang='lat' dir='ltr'>eo</span> <span class='ocrx_word' id='word_1_99' title='bbox 519 1210 591 1283; x_wconf 89' lang='lat' dir='ltr'>quid</span> <span class='ocrx_word' id='word_1_100' title='bbox 612 1216 732 1283; x_wconf 91' lang='lat' dir='ltr'>praeter</span> <span class='ocrx_word' id='word_1_101' title='bbox 755 1210 854 1282; x_wconf 90' lang='lat' dir='ltr'>ipsam</span> <span class='ocrx_word' id='word_1_102' title='bbox 876 1211 1005 1269; x_wconf 82' lang='lat' dir='ltr'>faciendi</span> <span class='ocrx_word' id='word_1_103' title='bbox 1025 1228 1073 1270; x_wconf 90' lang='lat' dir='ltr'>ra-</span> 
     </span>
     <span class='ocr_line' id='line_1_13' title="bbox 95 1292 1072 1373; baseline -0.003 -18"><span class='ocrx_word' id='word_1_104' title='bbox 95 1296 211 1356; x_wconf 90' lang='lat' dir='ltr'>tionem</span> <span class='ocrx_word' id='word_1_105' title='bbox 227 1300 415 1367; x_wconf 76' lang='lat' dir='ltr'>sequuntur</span> <span class='ocrx_word' id='word_1_106' title='bbox 429 1294 487 1352; x_wconf 93' lang='lat' dir='ltr'>nisi</span> <span class='ocrx_word' id='word_1_107' title='bbox 506 1295 583 1353; x_wconf 87' lang='lat' dir='ltr'>sorte</span> <span class='ocrx_word' id='word_1_108' title='bbox 600 1292 669 1353; x_wconf 93' lang='lat' dir='ltr'>illos</span> <span class='ocrx_word' id='word_1_109' title='bbox 682 1294 838 1353; x_wconf 85' lang='lat' dir='ltr'>existimas</span> <span class='ocrx_word' id='word_1_110' title='bbox 854 1295 981 1353; x_wconf 84' lang='lat' dir='ltr'>fructum</span> <span class='ocrx_word' id='word_1_111' title='bbox 999 1310 1072 1373; x_wconf 91' lang='lat' dir='ltr'>ope-</span> 
     </span>
     <span class='ocr_line' id='line_1_14' title="bbox 87 1376 1071 1452; baseline -0.005 -13"><span class='ocrx_word' id='word_1_112' title='bbox 87 1397 161 1439; x_wconf 89' lang='lat' dir='ltr'>rum</span> <span class='ocrx_word' id='word_1_113' title='bbox 182 1393 310 1438; x_wconf 92' lang='lat' dir='ltr'>suorum</span> <span class='ocrx_word' id='word_1_114' title='bbox 332 1393 370 1435; x_wconf 86' lang='lat' dir='ltr'>ex</span> <span class='ocrx_word' id='word_1_115' title='bbox 394 1380 477 1437; x_wconf 84' lang='lat' dir='ltr'>fumo</span> <span class='ocrx_word' id='word_1_116' title='bbox 500 1385 639 1436; x_wconf 87' lang='lat' dir='ltr'>extorum</span> <span class='ocrx_word' id='word_1_117' title='bbox 654 1383 683 1435; x_wconf 89' lang='lat' dir='ltr'>et</span> <span class='ocrx_word' id='word_1_118' title='bbox 698 1379 772 1437; x_wconf 90' lang='lat' dir='ltr'>turis</span> <span class='ocrx_word' id='word_1_119' title='bbox 792 1378 887 1436; x_wconf 88' lang='lat' dir='ltr'>odore</span> <span class='ocrx_word' id='word_1_120' title='bbox 902 1376 1071 1452; x_wconf 83' lang='lat' dir='ltr'>percipere.</span> 
     </span>
     <span class='ocr_line' id='line_1_15' title="bbox 91 1461 1103 1536; baseline 0.002 -15"><span class='ocrx_word' id='word_1_121' title='bbox 91 1463 174 1521; x_wconf 90' lang='lat' dir='ltr'>Vide</span> <span class='ocrx_word' id='word_1_122' title='bbox 191 1469 304 1536; x_wconf 89' lang='lat' dir='ltr'>quanta</span> <span class='ocrx_word' id='word_1_123' title='bbox 320 1461 431 1521; x_wconf 87' lang='lat' dir='ltr'>cotidie</span> <span class='ocrx_word' id='word_1_124' title='bbox 447 1462 621 1534; x_wconf 88' lang='lat' dir='ltr'>moliantur,</span> <span class='ocrx_word' id='word_1_125' title='bbox 639 1469 751 1536; x_wconf 89' lang='lat' dir='ltr'>quanta</span> <span class='ocrx_word' id='word_1_126' title='bbox 769 1461 960 1534; x_wconf 85' lang='lat' dir='ltr'>distribuant,</span> <span class='ocrx_word' id='word_1_127' title='bbox 977 1472 1103 1535; x_wconf 80' lang='lat' dir='ltr'>quan-2</span> 
     </span>
     <span class='ocr_line' id='line_1_16' title="bbox 93 1545 1070 1619; baseline -0.002 -14"><span class='ocrx_word' id='word_1_128' title='bbox 93 1548 134 1606; x_wconf 90' lang='lat' dir='ltr'>tis</span> <span class='ocrx_word' id='word_1_129' title='bbox 158 1552 256 1604; x_wconf 88' lang='lat' dir='ltr'>terras</span> <span class='ocrx_word' id='word_1_130' title='bbox 281 1545 429 1604; x_wconf 83' lang='lat' dir='ltr'>fructibus</span> <span class='ocrx_word' id='word_1_131' title='bbox 462 1546 611 1618; x_wconf 87' lang='lat' dir='ltr'>inpleant,</span> <span class='ocrx_word' id='word_1_132' title='bbox 645 1562 736 1619; x_wconf 87' lang='lat' dir='ltr'>quam</span> <span class='ocrx_word' id='word_1_133' title='bbox 770 1545 952 1619; x_wconf 88' lang='lat' dir='ltr'>opportunis</span> <span class='ocrx_word' id='word_1_134' title='bbox 986 1552 1015 1604; x_wconf 91' lang='lat' dir='ltr'>et</span> <span class='ocrx_word' id='word_1_135' title='bbox 1041 1547 1070 1604; x_wconf 91' lang='lat' dir='ltr'>in</span> 
     </span>
     <span class='ocr_line' id='line_1_17' title="bbox 93 1629 1071 1703; baseline -0.003 -12"><span class='ocrx_word' id='word_1_136' title='bbox 93 1645 202 1691; x_wconf 90' lang='lat' dir='ltr'>omnes</span> <span class='ocrx_word' id='word_1_137' title='bbox 218 1645 288 1689; x_wconf 89' lang='lat' dir='ltr'>oras</span> <span class='ocrx_word' id='word_1_138' title='bbox 304 1629 469 1688; x_wconf 88' lang='lat' dir='ltr'>serentibus</span> <span class='ocrx_word' id='word_1_139' title='bbox 486 1629 584 1687; x_wconf 91' lang='lat' dir='ltr'>ventis</span> <span class='ocrx_word' id='word_1_140' title='bbox 599 1631 693 1687; x_wconf 86' lang='lat' dir='ltr'>maria</span> <span class='ocrx_word' id='word_1_141' title='bbox 716 1635 926 1703; x_wconf 89' lang='lat' dir='ltr'>permoveant,</span> <span class='ocrx_word' id='word_1_142' title='bbox 951 1630 1071 1702; x_wconf 90' lang='lat' dir='ltr'>quantis</span> 
     </span>
     <span class='ocr_line' id='line_1_18' title="bbox 91 1711 1072 1787; baseline -0.001 -15"><span class='ocrx_word' id='word_1_143' title='bbox 91 1713 242 1772; x_wconf 88' lang='lat' dir='ltr'>imbribus</span> <span class='ocrx_word' id='word_1_144' title='bbox 262 1719 389 1786; x_wconf 89' lang='lat' dir='ltr'>repente</span> <span class='ocrx_word' id='word_1_145' title='bbox 412 1711 538 1771; x_wconf 89' lang='lat' dir='ltr'>deiectis</span> <span class='ocrx_word' id='word_1_146' title='bbox 562 1714 661 1771; x_wconf 94' lang='lat' dir='ltr'>solum</span> <span class='ocrx_word' id='word_1_147' title='bbox 683 1713 818 1772; x_wconf 91' lang='lat' dir='ltr'>molliant</span> <span class='ocrx_word' id='word_1_148' title='bbox 832 1728 989 1787; x_wconf 88' lang='lat' dir='ltr'>venasque</span> <span class='ocrx_word' id='word_1_149' title='bbox 1005 1714 1072 1772; x_wconf 88' lang='lat' dir='ltr'>lon-</span> 
     </span>
     <span class='ocr_line' id='line_1_19' title="bbox 90 1794 1071 1870; baseline 0.001 -14"><span class='ocrx_word' id='word_1_150' title='bbox 90 1798 166 1857; x_wconf 88' lang='lat' dir='ltr'>tium</span> <span class='ocrx_word' id='word_1_151' title='bbox 180 1801 300 1854; x_wconf 87' lang='lat' dir='ltr'>arentes</span> <span class='ocrx_word' id='word_1_152' title='bbox 315 1794 677 1868; x_wconf 81' lang='lat' dir='ltr'>redintegrentetiniuso</span> <span class='ocrx_word' id='word_1_153' title='bbox 690 1798 876 1870; x_wconf 83' lang='lat' dir='ltr'>perocculto</span> <span class='ocrx_word' id='word_1_154' title='bbox 890 1797 1071 1857; x_wconf 89' lang='lat' dir='ltr'>nutrimento</span> 
     </span>
     <span class='ocr_line' id='line_1_20' title="bbox 92 1878 1071 1954; baseline 0 -15"><span class='ocrx_word' id='word_1_155' title='bbox 92 1887 216 1939; x_wconf 86' lang='lat' dir='ltr'>novant.</span> <span class='ocrx_word' id='word_1_156' title='bbox 243 1878 349 1938; x_wconf 90' lang='lat' dir='ltr'>Omnia</span> <span class='ocrx_word' id='word_1_157' title='bbox 360 1879 418 1939; x_wconf 91' lang='lat' dir='ltr'>ista</span> <span class='ocrx_word' id='word_1_158' title='bbox 430 1879 496 1938; x_wconf 90' lang='lat' dir='ltr'>sine</span> <span class='ocrx_word' id='word_1_159' title='bbox 510 1879 667 1951; x_wconf 88' lang='lat' dir='ltr'>mercede,</span> <span class='ocrx_word' id='word_1_160' title='bbox 685 1879 751 1938; x_wconf 88' lang='lat' dir='ltr'>sine</span> <span class='ocrx_word' id='word_1_161' title='bbox 766 1881 827 1938; x_wconf 94' lang='lat' dir='ltr'>ullo</span> <span class='ocrx_word' id='word_1_162' title='bbox 846 1880 884 1937; x_wconf 85' lang='lat' dir='ltr'>ad</span> <span class='ocrx_word' id='word_1_163' title='bbox 900 1878 987 1953; x_wconf 93' lang='lat' dir='ltr'>ipsos</span> <span class='ocrx_word' id='word_1_164' title='bbox 1002 1897 1071 1954; x_wconf 89' lang='lat' dir='ltr'>per-</span> 
     </span>
     <span class='ocr_line' id='line_1_21' title="bbox 93 1962 1103 2036; baseline 0.001 -14"><span class='ocrx_word' id='word_1_165' title='bbox 93 1963 235 2022; x_wconf 82' lang='lat' dir='ltr'>veniente</span> <span class='ocrx_word' id='word_1_166' title='bbox 250 1963 411 2022; x_wconf 88' lang='lat' dir='ltr'>commodo</span> <span class='ocrx_word' id='word_1_167' title='bbox 427 1963 548 2022; x_wconf 86' lang='lat' dir='ltr'>iaciunt.</span> <span class='ocrx_word' id='word_1_168' title='bbox 581 1963 647 2022; x_wconf 85' lang='lat' dir='ltr'>Hoc</span> <span class='ocrx_word' id='word_1_169' title='bbox 662 1971 767 2022; x_wconf 90' lang='lat' dir='ltr'>nostra</span> <span class='ocrx_word' id='word_1_170' title='bbox 786 1978 910 2036; x_wconf 87' lang='lat' dir='ltr'>quoque</span> <span class='ocrx_word' id='word_1_171' title='bbox 931 1965 1022 2034; x_wconf 89' lang='lat' dir='ltr'>ratio,</span> <span class='ocrx_word' id='word_1_172' title='bbox 1045 1962 1072 2023; x_wconf 90' lang='lat' dir='ltr'>si</span> <span class='ocrx_word' id='word_1_173' title='bbox 1086 1971 1103 2023; x_wconf 84' lang='lat'><strong>3</strong></span> 
     </span>
     <span class='ocr_line' id='line_1_22' title="bbox 58 2045 1070 2121; baseline -0.002 -16"><span class='ocrx_word' id='word_1_174' title='bbox 58 2079 76 2087; x_wconf 84' lang='lat'><strong>·</strong></span> <span class='ocrx_word' id='word_1_175' title='bbox 91 2047 131 2106; x_wconf 88' lang='lat' dir='ltr'>ab</span> <span class='ocrx_word' id='word_1_176' title='bbox 148 2047 314 2121; x_wconf 86' lang='lat' dir='ltr'>exemplari</span> <span class='ocrx_word' id='word_1_177' title='bbox 338 2063 394 2106; x_wconf 93' lang='lat' dir='ltr'>suo</span> <span class='ocrx_word' id='word_1_178' title='bbox 417 2063 478 2106; x_wconf 93' lang='lat' dir='ltr'>non</span> <span class='ocrx_word' id='word_1_179' title='bbox 495 2047 628 2119; x_wconf 89' lang='lat' dir='ltr'>aberrat,</span> <span class='ocrx_word' id='word_1_180' title='bbox 652 2054 768 2119; x_wconf 91' lang='lat' dir='ltr'>servet,</span> <span class='ocrx_word' id='word_1_181' title='bbox 790 2062 828 2105; x_wconf 91' lang='lat' dir='ltr'>ne</span> <span class='ocrx_word' id='word_1_182' title='bbox 851 2046 889 2104; x_wconf 89' lang='lat' dir='ltr'>ad</span> <span class='ocrx_word' id='word_1_183' title='bbox 910 2061 959 2104; x_wconf 90' lang='lat' dir='ltr'>res</span> <span class='ocrx_word' id='word_1_184' title='bbox 976 2045 1070 2104; x_wconf 91' lang='lat' dir='ltr'>hone-</span> 
     </span>
     <span class='ocr_line' id='line_1_23' title="bbox 90 2129 1070 2192; baseline -0.005 0"><span class='ocrx_word' id='word_1_185' title='bbox 90 2138 157 2192; x_wconf 91' lang='lat' dir='ltr'>stas</span> <span class='ocrx_word' id='word_1_186' title='bbox 179 2131 330 2191; x_wconf 88' lang='lat' dir='ltr'>conducta</span> <span class='ocrx_word' id='word_1_187' title='bbox 351 2129 462 2188; x_wconf 87' lang='lat' dir='ltr'>veniat.</span> <span class='ocrx_word' id='word_1_188' title='bbox 490 2129 605 2189; x_wconf 88' lang='lat' dir='ltr'>Pudeat</span> <span class='ocrx_word' id='word_1_189' title='bbox 619 2131 712 2190; x_wconf 92' lang='lat' dir='ltr'>ullum</span> <span class='ocrx_word' id='word_1_190' title='bbox 734 2131 842 2190; x_wconf 88' lang='lat' dir='ltr'>venale</span> <span class='ocrx_word' id='word_1_191' title='bbox 864 2145 934 2188; x_wconf 88' lang='lat' dir='ltr'>osse</span> <span class='ocrx_word' id='word_1_192' title='bbox 955 2129 1070 2188; x_wconf 85' lang='lat' dir='ltr'>benefi-</span> 
     </span>
     <span class='ocr_line' id='line_1_24' title="bbox 91 2214 633 2288; baseline -0.007 -14"><span class='ocrx_word' id='word_1_193' title='bbox 91 2217 188 2274; x_wconf 83' lang='lat' dir='ltr'>cium:</span> <span class='ocrx_word' id='word_1_194' title='bbox 217 2214 365 2288; x_wconf 87' lang='lat' dir='ltr'>gratuitos</span> <span class='ocrx_word' id='word_1_195' title='bbox 381 2214 528 2272; x_wconf 89' lang='lat' dir='ltr'>habemus</span> <span class='ocrx_word' id='word_1_196' title='bbox 546 2215 633 2273; x_wconf 91' lang='lat' dir='ltr'>deos.</span> 
     </span>
    </p>

    <p class='ocr_par' dir='ltr' id='par_1_8' title="bbox 58 2296 1101 3539">
     <span class='ocr_line' id='line_1_25' title="bbox 154 2296 1099 2371; baseline 0.004 -15"><span class='ocrx_word' id='word_1_197' title='bbox 154 2297 260 2356; x_wconf 84' lang='lat' dir='ltr'>XXVI.</span> <span class='ocrx_word' id='word_1_198' title='bbox 282 2296 339 2370; x_wconf 83' lang='lat' dir='ltr'>„st</span> <span class='ocrx_word' id='word_1_199' title='bbox 353 2297 445 2370; x_wconf 89' lang='lat' dir='ltr'>deos,</span> <span class='ocrx_word' id='word_1_200' title='bbox 471 2296 582 2370; x_wconf 86' lang='lat' dir='ltr'>inquit,</span> <span class='ocrx_word' id='word_1_201' title='bbox 604 2296 746 2371; x_wconf 88' lang='lat' dir='ltr'>imitaris,</span> <span class='ocrx_word' id='word_1_202' title='bbox 770 2299 810 2356; x_wconf 88' lang='lat' dir='ltr'>da</span> <span class='ocrx_word' id='word_1_203' title='bbox 832 2305 862 2357; x_wconf 91' lang='lat' dir='ltr'>et</span> <span class='ocrx_word' id='word_1_204' title='bbox 875 2297 1001 2371; x_wconf 82' lang='lat' dir='ltr'>ingratis</span> <span class='ocrx_word' id='word_1_205' title='bbox 1016 2298 1099 2360; x_wconf 82' lang='lat' dir='ltr'>bel</span> 
     </span>
     <span class='ocr_line' id='line_1_26' title="bbox 89 2380 1069 2454; baseline -0.003 -12"><span class='ocrx_word' id='word_1_206' title='bbox 89 2381 218 2442; x_wconf 75' lang='lat' dir='ltr'>melida:</span> <span class='ocrx_word' id='word_1_207' title='bbox 240 2397 310 2438; x_wconf 91' lang='lat' dir='ltr'>nam</span> <span class='ocrx_word' id='word_1_208' title='bbox 330 2387 360 2438; x_wconf 90' lang='lat' dir='ltr'>et</span> <span class='ocrx_word' id='word_1_209' title='bbox 376 2382 533 2439; x_wconf 89' lang='lat' dir='ltr'>sceleratis</span> <span class='ocrx_word' id='word_1_210' title='bbox 550 2382 598 2440; x_wconf 96' lang='lat' dir='ltr'>sol</span> <span class='ocrx_word' id='word_1_211' title='bbox 613 2383 708 2441; x_wconf 92' lang='lat' dir='ltr'>oritur</span> <span class='ocrx_word' id='word_1_212' title='bbox 722 2388 752 2440; x_wconf 92' lang='lat' dir='ltr'>et</span> <span class='ocrx_word' id='word_1_213' title='bbox 766 2380 871 2454; x_wconf 86' lang='lat' dir='ltr'>piratis</span> <span class='ocrx_word' id='word_1_214' title='bbox 888 2387 992 2454; x_wconf 88' lang='lat' dir='ltr'>patent</span> <span class='ocrx_word' id='word_1_215' title='bbox 1008 2397 1069 2439; x_wconf 89' lang='lat' dir='ltr'>ma-</span> 
     </span>
     <span class='ocr_line' id='line_1_27' title="bbox 87 2463 1069 2539; baseline -0.002 -17"><span class='ocrx_word' id='word_1_216' title='bbox 87 2465 167 2523; x_wconf 89' lang='lat' dir='ltr'>ria.“</span> <span class='ocrx_word' id='word_1_217' title='bbox 199 2463 276 2521; x_wconf 89' lang='lat' dir='ltr'>Hoc</span> <span class='ocrx_word' id='word_1_218' title='bbox 296 2465 382 2521; x_wconf 93' lang='lat' dir='ltr'>loco</span> <span class='ocrx_word' id='word_1_219' title='bbox 405 2465 665 2539; x_wconf 83' lang='lat' dir='ltr'>interrogant,</span> <span class='ocrx_word' id='word_1_220' title='bbox 688 2464 1069 2523; x_wconf 88' lang='lat' dir='ltr'>anvirbonusdatu-</span> 
     </span>
     <span class='ocr_line' id='line_1_28' title="bbox 88 2545 1069 2622; baseline -0.003 -15"><span class='ocrx_word' id='word_1_221' title='bbox 88 2562 158 2607; x_wconf 90' lang='lat' dir='ltr'>rus</span> <span class='ocrx_word' id='word_1_222' title='bbox 187 2546 238 2605; x_wconf 92' lang='lat' dir='ltr'>sit</span> <span class='ocrx_word' id='word_1_223' title='bbox 258 2545 493 2605; x_wconf 80' lang='lat' dir='ltr'>beneficium</span> <span class='ocrx_word' id='word_1_224' title='bbox 521 2549 689 2622; x_wconf 86' lang='lat' dir='ltr'>ingrato,</span> <span class='ocrx_word' id='word_1_225' title='bbox 723 2547 856 2606; x_wconf 88' lang='lat' dir='ltr'>sciens</span> <span class='ocrx_word' id='word_1_226' title='bbox 878 2547 1069 2618; x_wconf 79' lang='lat' dir='ltr'>ingratum</span> 
     </span>
     <span class='ocr_line' id='line_1_29' title="bbox 89 2629 1069 2706; baseline -0.003 -16"><span class='ocrx_word' id='word_1_227' title='bbox 89 2645 190 2690; x_wconf 87' lang='lat' dir='ltr'>esse.</span> <span class='ocrx_word' id='word_1_228' title='bbox 210 2631 349 2704; x_wconf 89' lang='lat' dir='ltr'>permitte</span> <span class='ocrx_word' id='word_1_229' title='bbox 370 2629 442 2688; x_wconf 91' lang='lat' dir='ltr'>mihi</span> <span class='ocrx_word' id='word_1_230' title='bbox 458 2631 573 2705; x_wconf 88' lang='lat' dir='ltr'>aliquid</span> <span class='ocrx_word' id='word_1_231' title='bbox 589 2631 761 2706; x_wconf 87' lang='lat' dir='ltr'>interloqui,</span> <span class='ocrx_word' id='word_1_232' title='bbox 778 2646 816 2689; x_wconf 94' lang='lat' dir='ltr'>ne</span> <span class='ocrx_word' id='word_1_233' title='bbox 832 2629 1069 2702; x_wconf 84' lang='lat' dir='ltr'>interrogatione</span> 
     </span>
     <span class='ocr_line' id='line_1_30' title="bbox 86 2711 1099 2788; baseline -0.001 -12"><span class='ocrx_word' id='word_1_234' title='bbox 86 2711 240 2776; x_wconf 90' lang='lat' dir='ltr'>insidiosa</span> <span class='ocrx_word' id='word_1_235' title='bbox 262 2713 426 2788; x_wconf 87' lang='lat' dir='ltr'>capiamur.</span> <span class='ocrx_word' id='word_1_236' title='bbox 457 2714 542 2773; x_wconf 90' lang='lat' dir='ltr'>Duos</span> <span class='ocrx_word' id='word_1_237' title='bbox 563 2731 602 2774; x_wconf 90' lang='lat' dir='ltr'>ex</span> <span class='ocrx_word' id='word_1_238' title='bbox 618 2715 832 2776; x_wconf 84' lang='lat' dir='ltr'>constitutione</span> <span class='ocrx_word' id='word_1_239' title='bbox 844 2713 947 2773; x_wconf 89' lang='lat' dir='ltr'>Stoica</span> <span class='ocrx_word' id='word_1_240' title='bbox 962 2712 1099 2786; x_wconf 74' lang='lat' dir='ltr'>accipet</span> 
     </span>
     <span class='ocr_line' id='line_1_31' title="bbox 87 2796 1067 2874; baseline -0.004 -16"><span class='ocrx_word' id='word_1_241' title='bbox 87 2801 243 2870; x_wconf 83' lang='lat' dir='ltr'>ingratos:</span> <span class='ocrx_word' id='word_1_242' title='bbox 259 2799 333 2856; x_wconf 88' lang='lat' dir='ltr'>alter</span> <span class='ocrx_word' id='word_1_243' title='bbox 345 2806 391 2857; x_wconf 87' lang='lat' dir='ltr'>est</span> <span class='ocrx_word' id='word_1_244' title='bbox 401 2800 554 2871; x_wconf 84' lang='lat' dir='ltr'>ingratus,</span> <span class='ocrx_word' id='word_1_245' title='bbox 570 2800 641 2874; x_wconf 87' lang='lat' dir='ltr'>quia</span> <span class='ocrx_word' id='word_1_246' title='bbox 655 2801 764 2858; x_wconf 92' lang='lat' dir='ltr'>stultus</span> <span class='ocrx_word' id='word_1_247' title='bbox 777 2805 832 2857; x_wconf 91' lang='lat' dir='ltr'>est.</span> <span class='ocrx_word' id='word_1_248' title='bbox 855 2799 964 2856; x_wconf 92' lang='lat' dir='ltr'>stultus</span> <span class='ocrx_word' id='word_1_249' title='bbox 978 2796 1067 2854; x_wconf 91' lang='lat' dir='ltr'>etiam</span> 
     </span>
     <span class='ocr_line' id='line_1_32' title="bbox 88 2880 1067 2954; baseline -0.003 -14"><span class='ocrx_word' id='word_1_250' title='bbox 88 2881 189 2940; x_wconf 86' lang='lat' dir='ltr'>malus</span> <span class='ocrx_word' id='word_1_251' title='bbox 206 2888 262 2940; x_wconf 92' lang='lat' dir='ltr'>est.</span> <span class='ocrx_word' id='word_1_252' title='bbox 297 2881 367 2954; x_wconf 89' lang='lat' dir='ltr'>quia</span> <span class='ocrx_word' id='word_1_253' title='bbox 382 2885 479 2941; x_wconf 89' lang='lat' dir='ltr'>malus</span> <span class='ocrx_word' id='word_1_254' title='bbox 496 2890 557 2954; x_wconf 89' lang='lat' dir='ltr'>est,</span> <span class='ocrx_word' id='word_1_255' title='bbox 582 2884 664 2942; x_wconf 93' lang='lat' dir='ltr'>nullo</span> <span class='ocrx_word' id='word_1_256' title='bbox 680 2883 754 2942; x_wconf 89' lang='lat' dir='ltr'>vitio</span> <span class='ocrx_word' id='word_1_257' title='bbox 770 2889 868 2940; x_wconf 88' lang='lat' dir='ltr'>caret:</span> <span class='ocrx_word' id='word_1_258' title='bbox 889 2896 962 2954; x_wconf 82' lang='lat' dir='ltr'>ergo</span> <span class='ocrx_word' id='word_1_259' title='bbox 978 2885 1008 2938; x_wconf 88' lang='lat' dir='ltr'>et</span> <span class='ocrx_word' id='word_1_260' title='bbox 1024 2880 1067 2938; x_wconf 91' lang='lat' dir='ltr'>in·</span> 
     </span>
     <span class='ocr_line' id='line_1_33' title="bbox 89 2963 1067 3039; baseline -0.001 -17"><span class='ocrx_word' id='word_1_261' title='bbox 89 2971 195 3039; x_wconf 83' lang='lat' dir='ltr'>gratus</span> <span class='ocrx_word' id='word_1_262' title='bbox 217 2971 274 3023; x_wconf 88' lang='lat' dir='ltr'>est.</span> <span class='ocrx_word' id='word_1_263' title='bbox 321 2963 372 3023; x_wconf 88' lang='lat' dir='ltr'>Sic</span> <span class='ocrx_word' id='word_1_264' title='bbox 396 2981 502 3025; x_wconf 90' lang='lat' dir='ltr'>omnes</span> <span class='ocrx_word' id='word_1_265' title='bbox 525 2967 622 3025; x_wconf 91' lang='lat' dir='ltr'>malos</span> <span class='ocrx_word' id='word_1_266' title='bbox 645 2968 790 3037; x_wconf 91' lang='lat' dir='ltr'>dicimus,</span> <span class='ocrx_word' id='word_1_267' title='bbox 821 2964 1067 3038; x_wconf 88' lang='lat' dir='ltr'>intemperantes,</span> 
     </span>
     <span class='ocr_line' id='line_1_34' title="bbox 90 3048 1068 3124; baseline -0.003 -16"><span class='ocrx_word' id='word_1_268' title='bbox 90 3064 217 3118; x_wconf 89' lang='lat' dir='ltr'>avaros,</span> <span class='ocrx_word' id='word_1_269' title='bbox 233 3048 426 3123; x_wconf 89' lang='lat' dir='ltr'>luxuriosos,</span> <span class='ocrx_word' id='word_1_270' title='bbox 442 3049 608 3124; x_wconf 83' lang='lat' dir='ltr'>malignos,</span> <span class='ocrx_word' id='word_1_271' title='bbox 623 3065 683 3108; x_wconf 94' lang='lat' dir='ltr'>non</span> <span class='ocrx_word' id='word_1_272' title='bbox 697 3050 769 3124; x_wconf 89' lang='lat' dir='ltr'>quia</span> <span class='ocrx_word' id='word_1_273' title='bbox 781 3049 882 3109; x_wconf 91' lang='lat' dir='ltr'>omnia</span> <span class='ocrx_word' id='word_1_274' title='bbox 893 3049 951 3107; x_wconf 91' lang='lat' dir='ltr'>ista</span> <span class='ocrx_word' id='word_1_275' title='bbox 964 3048 1068 3120; x_wconf 81' lang='lat' dir='ltr'>singu-</span> 
     </span>
     <span class='ocr_line' id='line_1_35' title="bbox 89 3131 1070 3209; baseline 0 -20"><span class='ocrx_word' id='word_1_276' title='bbox 89 3131 127 3190; x_wconf 91' lang='lat' dir='ltr'>lis</span> <span class='ocrx_word' id='word_1_277' title='bbox 149 3147 261 3205; x_wconf 81' lang='lat' dir='ltr'>magna</span> <span class='ocrx_word' id='word_1_278' title='bbox 280 3137 309 3189; x_wconf 92' lang='lat' dir='ltr'>et</span> <span class='ocrx_word' id='word_1_279' title='bbox 330 3138 403 3190; x_wconf 87' lang='lat' dir='ltr'>nota</span> <span class='ocrx_word' id='word_1_280' title='bbox 419 3133 491 3191; x_wconf 91' lang='lat' dir='ltr'>vitia</span> <span class='ocrx_word' id='word_1_281' title='bbox 513 3139 599 3209; x_wconf 89' lang='lat' dir='ltr'>sunt,</span> <span class='ocrx_word' id='word_1_282' title='bbox 624 3134 680 3191; x_wconf 90' lang='lat' dir='ltr'>sed</span> <span class='ocrx_word' id='word_1_283' title='bbox 696 3134 766 3208; x_wconf 88' lang='lat' dir='ltr'>quia</span> <span class='ocrx_word' id='word_1_284' title='bbox 782 3149 854 3192; x_wconf 91' lang='lat' dir='ltr'>esse</span> <span class='ocrx_word' id='word_1_285' title='bbox 868 3138 1014 3206; x_wconf 86' lang='lat' dir='ltr'>possunt:</span> <span class='ocrx_word' id='word_1_286' title='bbox 1040 3136 1070 3189; x_wconf 91' lang='lat' dir='ltr'>et</span> 
     </span>
     <span class='ocr_line' id='line_1_36' title="bbox 90 3214 1068 3290; baseline -0.002 -17"><span class='ocrx_word' id='word_1_287' title='bbox 90 3222 175 3284; x_wconf 89' lang='lat' dir='ltr'>sunt,</span> <span class='ocrx_word' id='word_1_288' title='bbox 192 3214 310 3274; x_wconf 86' lang='lat' dir='ltr'>etiamsi</span> <span class='ocrx_word' id='word_1_289' title='bbox 323 3214 424 3273; x_wconf 88' lang='lat' dir='ltr'>latent.</span> <span class='ocrx_word' id='word_1_290' title='bbox 446 3215 531 3273; x_wconf 82' lang='lat' dir='ltr'>Alter</span> <span class='ocrx_word' id='word_1_291' title='bbox 545 3221 593 3274; x_wconf 90' lang='lat' dir='ltr'>est</span> <span class='ocrx_word' id='word_1_292' title='bbox 604 3215 754 3290; x_wconf 80' lang='lat' dir='ltr'>ingratus,</span> <span class='ocrx_word' id='word_1_293' title='bbox 778 3217 829 3290; x_wconf 90' lang='lat' dir='ltr'>qui</span> <span class='ocrx_word' id='word_1_294' title='bbox 842 3217 932 3289; x_wconf 81' lang='lat' dir='ltr'>volgo</span> <span class='ocrx_word' id='word_1_295' title='bbox 950 3215 1068 3287; x_wconf 86' lang='lat' dir='ltr'>dicitur,</span> 
     </span>
     <span class='ocr_line' id='line_1_37' title="bbox 58 3297 1101 3373; baseline 0 -18"><span class='ocrx_word' id='word_1_296' title='bbox 58 3364 60 3371; x_wconf 27' lang='lat'><strong>¹</strong></span> <span class='ocrx_word' id='word_1_297' title='bbox 89 3297 119 3355; x_wconf 92' lang='lat' dir='ltr'>in</span> <span class='ocrx_word' id='word_1_298' title='bbox 134 3298 193 3357; x_wconf 92' lang='lat' dir='ltr'>hoo</span> <span class='ocrx_word' id='word_1_299' title='bbox 210 3300 312 3358; x_wconf 89' lang='lat' dir='ltr'>vitium</span> <span class='ocrx_word' id='word_1_300' title='bbox 330 3305 436 3358; x_wconf 88' lang='lat' dir='ltr'>natura</span> <span class='ocrx_word' id='word_1_301' title='bbox 451 3314 635 3372; x_wconf 88' lang='lat' dir='ltr'>propensus.</span> <span class='ocrx_word' id='word_1_302' title='bbox 664 3299 709 3357; x_wconf 95' lang='lat' dir='ltr'>llli</span> <span class='ocrx_word' id='word_1_303' title='bbox 728 3301 861 3373; x_wconf 81' lang='lat' dir='ltr'>ingrato,</span> <span class='ocrx_word' id='word_1_304' title='bbox 886 3297 938 3371; x_wconf 91' lang='lat' dir='ltr'>qui</span> <span class='ocrx_word' id='word_1_305' title='bbox 953 3299 997 3356; x_wconf 90' lang='lat' dir='ltr'>sic</span> <span class='ocrx_word' id='word_1_306' title='bbox 1012 3298 1101 3356; x_wconf 70' lang='lat' dir='ltr'>hactt</span> 
     </span>
     <span class='ocr_line' id='line_1_38' title="bbox 91 3381 1068 3456; baseline -0.002 -18"><span class='ocrx_word' id='word_1_307' title='bbox 91 3382 181 3455; x_wconf 89' lang='lat' dir='ltr'>culpa</span> <span class='ocrx_word' id='word_1_308' title='bbox 203 3399 263 3441; x_wconf 94' lang='lat' dir='ltr'>non</span> <span class='ocrx_word' id='word_1_309' title='bbox 281 3390 378 3454; x_wconf 83' lang='lat' dir='ltr'>caret,</span> <span class='ocrx_word' id='word_1_310' title='bbox 401 3382 555 3455; x_wconf 88' lang='lat' dir='ltr'>quomodo</span> <span class='ocrx_word' id='word_1_311' title='bbox 572 3383 654 3440; x_wconf 89' lang='lat' dir='ltr'>nulla</span> <span class='ocrx_word' id='word_1_312' title='bbox 669 3390 765 3456; x_wconf 88' lang='lat' dir='ltr'>caret,</span> <span class='ocrx_word' id='word_1_313' title='bbox 789 3382 872 3440; x_wconf 90' lang='lat' dir='ltr'>dabit</span> <span class='ocrx_word' id='word_1_314' title='bbox 886 3381 1068 3439; x_wconf 88' lang='lat' dir='ltr'>beneficium</span> 
     </span>
     <span class='ocr_line' id='line_1_39' title="bbox 58 3461 1068 3539; baseline -0.002 -18"><span class='ocrx_word' id='word_1_315' title='bbox 58 3497 60 3505; x_wconf 91' lang='lat'>·</span> <span class='ocrx_word' id='word_1_316' title='bbox 90 3463 267 3526; x_wconf 85' lang='lat' dir='ltr'>virbonus:</span> <span class='ocrx_word' id='word_1_317' title='bbox 290 3465 362 3526; x_wconf 94' lang='lat' dir='ltr'>nulli</span> <span class='ocrx_word' id='word_1_318' title='bbox 378 3467 456 3525; x_wconf 88' lang='lat' dir='ltr'>enim</span> <span class='ocrx_word' id='word_1_319' title='bbox 473 3465 546 3524; x_wconf 87' lang='lat' dir='ltr'>dare</span> <span class='ocrx_word' id='word_1_320' title='bbox 562 3465 685 3539; x_wconf 89' lang='lat' dir='ltr'>poterit,</span> <span class='ocrx_word' id='word_1_321' title='bbox 705 3466 731 3524; x_wconf 93' lang='lat' dir='ltr'>si</span> <span class='ocrx_word' id='word_1_322' title='bbox 745 3467 822 3526; x_wconf 85' lang='lat' dir='ltr'>tales</span> <span class='ocrx_word' id='word_1_323' title='bbox 839 3462 977 3521; x_wconf 88' lang='lat' dir='ltr'>homines</span> <span class='ocrx_word' id='word_1_324' title='bbox 995 3461 1068 3520; x_wconf 88' lang='lat' dir='ltr'>sub·</span> 
     </span>
    </p>
   </div>
   <div class='ocr_carea' id='block_1_3' title="bbox 0 0 1186 3840">
    <p class='ocr_par' dir='ltr' id='par_1_9' title="bbox 0 0 1186 3840">
     <span class='ocr_line' id='line_1_40' title="bbox 0 0 1186 3840; baseline 0 1"><span class='ocrx_word' id='word_1_325' title='bbox 0 0 1186 3840; x_wconf 95' lang='lat' dir='ltr'> </span> 
     </span>
    </p>
   </div>
  </div>
 </body>
</html>
