2364 3840
126 198 188 262 loa
416 197 450 256 L.
474 196 619 256 All'liAEl
641 194 817 256 SENECAE

126 352 236 412 eodem
264 350 428 428 conchylio
456 366 517 409 non
547 351 697 409 inunum
720 350 845 409 modum
871 348 944 410 exit
980 349 1097 411 interest

128 434 273 510 quamdiu
289 441 442 493 macerata
458 434 510 507 sit,
533 434 669 493 crassius
684 433 939 494 medicamentum
954 448 992 493 au
1011 449 1092 510 aqua·

85 519 184 579 latius
199 519 339 590 traxerit,
356 519 482 592 saepius
494 532 595 576 mersa
610 515 649 575 sit
660 525 689 577 et
700 524 829 576 excocta
839 532 877 576 an
890 517 985 577 semel
996 517 1096 576 tincta

127 619 188 663 non
206 609 254 661 est
269 617 342 674 ergo
359 603 482 672 mirum,
500 601 541 671 si,
559 615 627 659 cum
639 601 719 662 duae
732 615 784 659 res
799 599 874 673 sint,
890 600 982 660 solet
996 600 1094 672 nubes,

127 687 224 745 idest
245 701 358 758 corpus
381 691 410 742 et
431 684 609 757 speculum,
637 691 698 743 tam
719 684 812 743 multa
831 698 946 756 genera
967 685 1095 743 colorum

127 769 353 843 exprimuntur,
383 782 473 841 quam
494 768 596 826 multis
616 767 778 840 generibus
800 773 934 840 possunt
953 767 1013 827 ista
1030 765 1093 824 inci-

126 853 183 912 tari
210 857 261 910 aul
286 850 529 923 relanguescere.
565 849 643 909 alius
671 858 718 909 est
743 850 823 908 enirn
845 850 933 910 color
952 865 993 909 ex
1013 848 1093 923 igneo

84 935 253 1004 lllumine,
277 933 354 992 alius
376 949 415 991 ex
431 933 562 993 obtunso
580 941 611 992 et
627 935 751 994 leniore.
785 933 819 992 In
835 933 904 992 aliis
917 933 1012 993 rebus
1026 947 1093 1005 vaga

128 1017 283 1092 inquisitio
297 1023 357 1089 est,
380 1017 432 1077 ubi
443 1033 504 1076 non
519 1016 682 1089 habemus,
706 1017 789 1090 quod
805 1022 1017 1076 manutenere
1031 1031 1091 1090 pos·

128 1117 234 1160 sumus
256 1108 285 1159 et
303 1100 361 1160 late
382 1100 556 1161 coniectura
572 1099 717 1159 mittenda
735 1107 796 1159 est=
818 1099 867 1159 lric
883 1100 1012 1174 adparet
1026 1099 1092 1158 duas

128 1200 240 1244 causas
261 1200 333 1243 esse
352 1200 460 1258 arcuS,
486 1184 582 1244 solem
602 1183 789 1258 nubemque,
819 1183 891 1258 quia
911 1198 971 1243 nec
993 1197 1092 1242 sereno

127 1285 271 1343 umquam
291 1268 325 1328 fit
340 1283 397 1327 nee
412 1268 515 1327 nubilo
531 1269 586 1340 ita,
609 1275 642 1326 ut
661 1267 708 1327 sol
727 1269 826 1326 lateat.
853 1281 930 1340 ergo
945 1266 1049 1341 utique
1061 1279 1092 1323 ex

127 1352 174 1411 his
189 1358 249 1422 est,
274 1368 404 1425 quorum
419 1353 485 1411 sine
500 1353 593 1410 altero
610 1367 670 1410 non
687 1358 743 1411 est.

98 1488 115 1540 1
190 1477 240 1534 lV.
262 1477 442 1535 Etiamnunc
455 1476 528 1535 illud
545 1475 675 1548 accedit,
699 1475 783 1551 qnod
797 1489 897 1551 aeque
911 1470 1092 1535 manifestum

128 1566 190 1632 est,
211 1559 329 1633 speculi
344 1559 459 1618 ratione
476 1560 638 1633 imaginem
651 1559 753 1631 reddi,
777 1557 849 1633 quia
864 1574 1031 1634 numquam
1044 1555 1093 1615 nisi

128 1643 319 1702 econtrario
340 1642 492 1716 redditur,
514 1644 625 1713 idest,
649 1641 707 1701 nisi
729 1658 766 1701 ex
789 1643 884 1703 altera
905 1649 995 1716 parte
1015 1637 1093 1710 stetit,

129 1724 213 1799 quod
228 1725 370 1799 adparet,
392 1741 430 1784 ex
446 1728 554 1799 altera,
571 1727 654 1801 quod
670 1725 811 1786 ostendit.
844 1726 1009 1798 RationeS,
1026 1737 1094 1800 quae

128 1825 189 1868 non
207 1809 394 1882 persuadent
408 1809 465 1869 sed
480 1816 606 1884 cogunt,
630 1826 648 1869 a
663 1810 827 1885 geometris
842 1808 1030 1882 adseruntur,
1045 1819 1094 1865 nec

128 1892 254 1952 dubium
275 1893 416 1967 cuiquam
438 1893 633 1968 relinquitur,
656 1894 726 1968 quin
748 1908 837 1952 arcus
857 1891 960 1967 imago
975 1892 1049 1952 solis
1063 1887 1096 1950 sit

128 1978 206 2036 malo
223 1978 364 2051 expressi
381 1977 420 2036 ob
436 1977 538 2036 vitium
553 1978 743 2052 figuramque
759 1974 892 2052 speculi:
913 1992 973 2037 nos
988 1972 1095 2034 interim

130 2067 310 2134 temptemus
332 2060 407 2119 alias
430 2060 660 2134 probationeS,
675 2076 754 2135 quae
775 2059 815 2119 de
836 2058 928 2134 plano
952 2057 1014 2134 legi
1031 2071 1096 2132 pos-

98 2150 208 2204 asunt.
241 2142 322 2201 Inter
343 2150 519 2216 argumenta
536 2144 581 2201 sic
603 2145 757 2204 nascentis
781 2158 872 2203 arcus
894 2158 994 2217 pono,
1021 2136 1097 2216 quod

129 2225 285 2284 celerrime
307 2226 451 2284 nascitur.
479 2227 587 2300 ingens
607 2227 686 2285 enim
705 2228 883 2302 variumque
898 2242 1014 2301 corpus
1029 2225 1099 2283 intra

129 2314 311 2366 momentum
333 2306 503 2368 subtexitur
524 2311 610 2368 coelo
633 2316 663 2368 et
684 2326 783 2386 aeque
802 2309 940 2371 celeriter
956 2310 1098 2370 aboletur.

129 2390 203 2450 nihil
217 2396 318 2450 autem
332 2399 392 2450 tam
410 2392 468 2450 cito
484 2393 619 2450 redditur
631 2409 722 2468 quam
737 2410 756 2453 a
770 2395 898 2468 speculo
909 2393 1020 2468 imago.
1042 2406 1099 2450 non

99 2475 207 2539 denim
230 2473 302 2535 iacit
315 2475 495 2550 quicquam,
518 2476 574 2535 sed
590 2477 732 2536 ostendit.
769 2477 917 2549 Parianus
931 2475 1098 2537 Artemido-

127 2576 181 2620 rus
203 2559 295 2619 adicit
315 2559 420 2632 etlam,
444 2561 534 2634 quale
555 2575 653 2634 genus
673 2559 764 2620 nubis
786 2575 857 2619 esse
871 2561 998 2634 debeat,
1022 2556 1099 2634 quod

127 2645 217 2703 talem
239 2644 314 2704 solis
335 2643 495 2719 imaginem
512 2643 622 2703 reddit.
657 2643 712 2717 „Si
728 2645 901 2718 speculum,
924 2642 1039 2719 inquit,
1061 2642 1099 2700 le·

128 2728 208 2785 ceris
224 2743 409 2801 concavum,
433 2727 516 2802 quod
532 2727 571 2786 sit
588 2734 691 2786 sectae
706 2726 787 2803 pilae
798 2743 886 2802 pars,
909 2727 937 2787 si
947 2732 1100 2787 extrama-

129 2809 210 2867 dium
233 2810 420 2882 constiteris,
452 2811 636 2885 quicumque
657 2809 741 2870 iuxta
761 2818 790 2871 te
812 2811 963 2885 steterint,
992 2805 1101 2871 inversi

97 2891 182 2949 lubi
194 2891 377 2953 videbuntur
388 2901 417 2954 et
429 2894 592 2969 propiores
604 2910 622 2953 a
632 2903 662 2954 te
673 2911 763 2969 quam
777 2911 795 2953 a
807 2894 968 2969 speculo.“
993 2894 1101 2969 „idem

129 2973 240 3047 inquit,
263 2977 377 3049 evenit,
400 2993 468 3037 cum
488 2978 648 3038 rotundam
664 2985 694 3037 et
708 2993 814 3039 cavam
829 2978 940 3038 nubem
956 2977 1103 3038 intuemur

129 3072 148 3117 a
162 3057 270 3129 latere,
294 3066 326 3117 ut
340 3060 415 3118 solis
430 3061 530 3134 imago
546 3077 565 3120 a
578 3062 660 3121 nube
670 3062 839 3122 descendat
849 3061 1041 3138 propiorque
1052 3076 1101 3119 no·

128 3138 176 3198 bis
197 3142 236 3199 sit
252 3148 280 3200 et
294 3141 325 3199 in
340 3157 397 3202 nos
414 3144 511 3217 magis
527 3160 686 3204 conversa.
724 3145 814 3206 Color
828 3146 870 3205 illi
885 3145 994 3220 igneus
1008 3161 1028 3205 a
1041 3144 1102 3204 sole

129 3229 191 3296 est,
214 3226 373 3284 caeruleus
389 3241 408 3284 a
422 3226 517 3298 nube,
543 3229 634 3288 ceteri
648 3229 807 3304 utriusque
821 3228 1002 3291 mixturae.“

99 3357 115 3410 1
191 3349 229 3409 V.
253 3348 364 3408 Contra
379 3349 456 3409 haec
471 3350 522 3409 illa
536 3351 686 3413 dicuntur.
721 3354 786 3427 „De
801 3353 937 3429 speculis
949 3353 1029 3413 duae
1041 3349 1101 3426 opi·

129 3433 239 3493 niones
261 3440 346 3493 sunt:
375 3434 424 3494 alii
440 3433 519 3493 enim
538 3434 642 3496 inillis
659 3437 820 3497 simulacra
836 3435 919 3498 cerni
934 3443 1054 3513 putant,
1074 3430 1102 3492 id
