2364 3840
112 185 153 247 52
399 186 432 243 L.
453 182 600 242 ANNAEI
622 180 798 241 SENECAE

111 338 178 395 slve
199 344 369 395 exterarum
391 332 524 407 gentium
546 331 694 391 homines.
731 331 844 405 Erigite
862 332 1017 392 audacter
1032 336 1080 395 ani

113 437 185 481 rrius
196 429 225 480 et
240 416 386 495 quicquid
398 417 427 474 in
441 415 541 473 medio
555 416 671 476 sordidi
683 413 762 474 iacet
771 415 956 475 transsilite=
981 433 1089 495 exspe-

82 507 174 565 tctat
196 521 252 566 vos
273 504 302 560 ln
325 515 442 560 summo
465 515 574 572 rriugna
595 497 746 559 nobilitas.
790 497 869 571 Quid
891 502 1048 573 superbia
1066 504 1092 563 iu

112 597 225 648 tantam
248 585 408 644 vanitatem
430 582 617 654 adtollimur,
641 589 673 641 ut
693 581 842 641 beneficia
861 586 1002 644 aservis
1021 586 1089 647 indi·

112 687 239 747 gnemur
252 668 393 740 accipere
409 672 438 724 et
455 673 570 725 sortem
585 681 690 725 eorum
707 674 884 740 spectemus
901 667 992 728 obliti
1007 672 1092 730 meri·

114 759 232 815 torumt
263 749 391 809 Servum
413 758 445 809 tu
467 765 651 824 quemquam
674 766 769 809 vocas
791 748 928 809 libidinis
952 760 985 812 et
1006 756 1093 828 gulae

113 852 223 898 servus
245 842 276 893 et
295 833 466 905 adulterae,
493 835 583 892 immo
604 833 809 892 adulterarum
827 849 995 895 commune
1013 854 1093 897 man·

84 920 244 993 soipiumt
282 916 410 976 Servum
427 933 520 976 vocas
537 933 721 991 quemquam
742 924 794 977 tut
829 915 895 989 Quo
911 920 1044 980 tandem
1059 922 1093 981 ab

113 1000 179 1061 istis
194 1001 308 1074 gerulis
329 1002 448 1075 raperis
463 1000 563 1060 cubile
584 1001 665 1059 istud
686 1008 768 1060 tuum
786 1000 1094 1066 circumferentibust

114 1101 175 1160 quo
197 1090 226 1144 te
241 1085 377 1159 penulati
398 1085 446 1144 isti
462 1086 490 1143 in
509 1084 633 1144 militum
649 1090 700 1156 [et]
719 1084 840 1158 quidem
855 1100 917 1144 non
937 1088 1093 1162 vulgarem

13 1232 15 1237 ,
114 1170 226 1228 cultum
253 1168 425 1242 subornati,
456 1186 535 1244 quo,
564 1170 704 1242 inquam,
731 1176 760 1226 te
785 1169 833 1226 isti
859 1168 1024 1231 elleruutt
1060 1173 1092 1232 ad

115 1253 225 1312 ostium
241 1252 369 1312 alicuius
386 1252 516 1325 ostiarii,
540 1253 579 1310 ad
593 1251 699 1311 hortos
712 1252 839 1311 alicuius
851 1267 890 1310 ne
903 1254 1092 1316 ordinarium

115 1336 236 1411 quidem
258 1336 398 1396 habentis
421 1336 572 1395 cilicium:
601 1343 630 1393 et
651 1334 762 1395 deinde
783 1350 878 1409 negas
894 1336 950 1396 tibi
966 1355 986 1398 a
1003 1355 1091 1400 servo

113 1428 165 1479 tuo
177 1418 359 1480 beneficium
373 1421 438 1479 dari
450 1435 555 1495 posse,
569 1419 617 1478 cui
629 1421 767 1478 osculum
780 1419 869 1478 alieni
882 1422 968 1480 servi
979 1423 1092 1484 bened·

84 1504 192 1564 ficium
214 1510 282 1564 est?
317 1504 400 1577 Quae
417 1511 464 1562 est
481 1511 564 1563 tanta
578 1503 669 1561 animi
684 1503 859 1562 discordia?
891 1506 1009 1565 eodem
1025 1514 1092 1567 tem·

114 1602 190 1662 pore
214 1602 322 1647 servos
350 1587 486 1661 despicis
508 1593 538 1646 et
559 1586 654 1660 colis,
682 1586 867 1660 imperiosus
896 1587 978 1648 intra
1007 1590 1094 1650 limen

114 1677 205 1744 atque
226 1672 386 1745 inpotens,
411 1669 532 1730 humilis
554 1671 628 1728 loris
651 1677 680 1729 et
701 1680 760 1730 tam
784 1678 983 1746 contemptus
1006 1690 1094 1749 quam

115 1761 335 1814 contemnens:
372 1770 472 1828 neque
501 1754 579 1811 enim
608 1755 660 1813 ulli
686 1754 783 1827 magis
809 1755 946 1816 abiciunt
975 1760 1095 1819 animos

115 1854 206 1913 quam
235 1839 286 1913 qui
313 1837 443 1912 inprobe
470 1838 579 1897 tollunt
604 1838 739 1912 nullique
760 1838 799 1896 ad
824 1839 997 1901 calcandos
1022 1844 1095 1903 alios

114 1922 283 1998 paratiores
304 1939 395 1997 quam
418 1923 470 1997 qui
493 1922 690 1981 contumelias
718 1924 818 1980 lacere
843 1923 1034 1998 accipiendo
1056 1928 1092 1987 dt

116 2004 264 2066 dicerunt.

88 2091 102 2143 1
179 2089 283 2149 XXlX.
310 2089 447 2148 Dicenda
462 2089 538 2147 haec
555 2091 675 2149 luerunt
689 2089 729 2146 ad
745 2089 998 2152 contundendam
1016 2092 1096 2157 inso

114 2173 235 2232 lentiam
251 2172 406 2231 hominum
419 2187 457 2230 ex
472 2174 592 2232 fortuna
603 2173 800 2246 pendentium
813 2173 1098 2254 vindicandumque

114 2257 162 2315 ius
184 2255 324 2314 beneficii
345 2256 437 2314 dandi
459 2258 572 2329 serviS,
596 2264 629 2315 ut
651 2256 719 2315 liliis
736 2272 860 2331 quoque
876 2255 1097 2324 vindicaretur.

116 2338 321 2414 quaeritur
351 2339 443 2414 enim,
476 2357 520 2398 an
548 2340 763 2414 aliquando
796 2340 913 2399 liberi
946 2347 1098 2408 maiora

114 2423 313 2481 beneticia
334 2423 423 2482 dare
445 2423 675 2498 parentibus
694 2423 776 2483 suis
793 2425 965 2500 possint,
989 2442 1113 2506 quau‘

51 2558 56 2565 .
115 2507 354 2579 acceperint.

87 2592 104 2644 2
178 2589 253 2651 lllud
276 2592 453 2652 conceditur
467 2592 578 2651 multus
594 2590 674 2649 filios
690 2592 822 2651 maiores
840 2594 1096 2675 potentioresque

115 2671 272 2732 exstitisse
287 2691 377 2748 quam
394 2681 536 2750 parentes
554 2689 639 2733 suos.
676 2690 775 2750 aeque
790 2682 820 2734 et
836 2675 927 2751 illud,
950 2684 1096 2744 meliores

115 2757 222 2815 luisse.
260 2759 342 2832 quod
364 2760 390 2818 si
412 2763 547 2829 constat,
571 2759 772 2832 puissuned,
793 2759 1095 2826 ulmelioratribue·

115 2840 187 2911 rint,
212 2855 279 2900 curn
301 2850 330 2902 et
352 2843 473 2902 fortuna
488 2841 545 2901 illis
564 2843 660 2901 maior
674 2851 758 2903 esset
772 2849 802 2902 et
816 2842 924 2903 melior
940 2850 1095 2910 voluntas.

86 2923 301 3000 3‚,Quicquid,
322 2925 434 3000 inquit,
456 2930 517 2997 est,
542 2927 625 2998 quod
638 2926 690 2984 det
704 2927 780 3000 patri
796 2925 893 3001 filius,
916 2930 1031 3007 utique
1046 2933 1094 2993 mi·

116 3024 173 3067 nus
196 3018 256 3084 est,
281 3010 353 3084 quia
373 3008 452 3066 hanc
474 3008 572 3082 ipsam
594 3009 686 3069 dandi
709 3011 880 3070 facultatem
896 3012 980 3085 patri
995 3016 1094 3078 debet

115 3091 159 3150 lta
177 3109 341 3167 numquam
355 3091 506 3151 beneficio
521 3091 664 3166 vincitur,
681 3093 767 3152 cuius
783 3093 968 3157 beneficium
987 3109 1039 3162 est
1054 3101 1094 3176 ip-

115 3191 198 3251 sum,
216 3175 300 3251 quod
323 3174 481 3233 vincitur.“
516 3176 646 3236 Primum
668 3178 819 3251 quaedam
834 3177 952 3239 initium
972 3185 1014 3243 ab
1030 3184 1094 3245 aliis

114 3261 235 3318 trahunt
250 3265 279 3316 et
293 3263 392 3317 tamen
404 3256 495 3319 initiis
509 3261 573 3320 suis
586 3262 702 3320 maiora
714 3269 799 3335 sunt,
821 3277 879 3321 nec
891 3262 964 3324 ideo
978 3266 1095 3345 aliquid

116 3358 175 3401 non
195 3348 243 3400 est
263 3340 362 3399 maius'
376 3357 412 3400 eo
430 3360 491 3417 quo
507 3344 623 3419 eoepit,
645 3347 793 3420 quianon
812 3345 967 3419 potuisset
982 3352 1014 3412 in
1033 3360 1094 3414 tan·

84 3429 175 3483 stum
199 3425 382 3500 procedere,
410 3427 467 3487 nisi
490 3430 654 3504 coepisset.
691 3429 779 3490 Nulla
799 3444 860 3489 non
874 3446 926 3492 res
942 3433 1095 3513 principia
