<?xml version="1.0" encoding="UTF-8"?>
<!DOCTYPE html PUBLIC "-//W3C//DTD XHTML 1.0 Transitional//EN"
    "http://www.w3.org/TR/xhtml1/DTD/xhtml1-transitional.dtd">
<html xmlns="http://www.w3.org/1999/xhtml" xml:lang="en" lang="en">
 <head>
  <title>
</title>
<meta http-equiv="Content-Type" content="text/html;charset=utf-8" />
  <meta name='ocr-system' content='tesseract 3.04.00' />
  <meta name='ocr-capabilities' content='ocr_page ocr_carea ocr_par ocr_line ocrx_word'/>
</head>
<body>
  <div class='ocr_page' id='page_1' title='image "./lannaeisenecaeo01senegoog_0174.png"; bbox 0 0 2364 3840; ppageno 0'>
   <div class='ocr_carea' id='block_1_1' title="bbox 251 196 1060 263">
    <p class='ocr_par' dir='ltr' id='par_1_1' title="bbox 251 196 1060 263">
     <span class='ocr_line' id='line_1_1' title="bbox 251 196 1060 263; baseline 0.009 -7"><span class='ocrx_word' id='word_1_1' title='bbox 251 196 305 257; x_wconf 81' lang='lat' dir='ltr'>DE</span> <span class='ocrx_word' id='word_1_2' title='bbox 324 196 539 260; x_wconf 80' lang='lat' dir='ltr'>BENEFICIIS</span> <span class='ocrx_word' id='word_1_3' title='bbox 556 197 628 258; x_wconf 92' lang='lat' dir='ltr'>LlB.</span> <span class='ocrx_word' id='word_1_4' title='bbox 643 198 709 257; x_wconf 91' lang='lat' dir='ltr'>Vll.</span> <span class='ocrx_word' id='word_1_5' title='bbox 732 206 864 261; x_wconf 87' lang='lat'>10-14.</span> <span class='ocrx_word' id='word_1_6' title='bbox 999 199 1060 263; x_wconf 78' lang='lat'>143</span> 
     </span>
    </p>
   </div>
   <div class='ocr_carea' id='block_1_2' title="bbox 39 348 1087 3594">
    <p class='ocr_par' dir='ltr' id='par_1_2' title="bbox 67 348 1087 1678">
     <span class='ocr_line' id='line_1_2' title="bbox 70 348 1057 424; baseline 0.001 -13"><span class='ocrx_word' id='word_1_7' title='bbox 70 351 202 413; x_wconf 90' lang='lat' dir='ltr'>dedisse</span> <span class='ocrx_word' id='word_1_8' title='bbox 222 348 339 411; x_wconf 90' lang='lat' dir='ltr'>videor.</span> <span class='ocrx_word' id='word_1_9' title='bbox 374 348 530 422; x_wconf 76' lang='lat' dir='ltr'><strong>Quaedam</strong></span> <span class='ocrx_word' id='word_1_10' title='bbox 551 349 752 424; x_wconf 89' lang='lat' dir='ltr'>quorumdam</span> <span class='ocrx_word' id='word_1_11' title='bbox 774 349 832 409; x_wconf 93' lang='lat' dir='ltr'>sub</span> <span class='ocrx_word' id='word_1_12' title='bbox 855 357 938 410; x_wconf 90' lang='lat' dir='ltr'>certa</span> <span class='ocrx_word' id='word_1_13' title='bbox 952 351 1057 412; x_wconf 89' lang='lat' dir='ltr'>condi·</span> 
     </span>
     <span class='ocr_line' id='line_1_3' title="bbox 72 432 1058 509; baseline 0 -15"><span class='ocrx_word' id='word_1_14' title='bbox 72 436 161 495; x_wconf 88' lang='lat' dir='ltr'>cioue</span> <span class='ocrx_word' id='word_1_15' title='bbox 176 441 266 494; x_wconf 73' lang='lat' dir='ltr'>suut:</span> <span class='ocrx_word' id='word_1_16' title='bbox 288 432 388 493; x_wconf 89' lang='lat' dir='ltr'>habeo</span> <span class='ocrx_word' id='word_1_17' title='bbox 403 434 433 493; x_wconf 92' lang='lat' dir='ltr'>in</span> <span class='ocrx_word' id='word_1_18' title='bbox 449 433 644 506; x_wconf 76' lang='lat' dir='ltr'>equestribus</span> <span class='ocrx_word' id='word_1_19' title='bbox 660 433 777 506; x_wconf 90' lang='lat' dir='ltr'>locum,</span> <span class='ocrx_word' id='word_1_20' title='bbox 793 449 855 492; x_wconf 91' lang='lat' dir='ltr'>non</span> <span class='ocrx_word' id='word_1_21' title='bbox 871 439 903 492; x_wconf 90' lang='lat' dir='ltr'>ut</span> <span class='ocrx_word' id='word_1_22' title='bbox 917 436 1058 509; x_wconf 89' lang='lat' dir='ltr'>vendam,</span> 
     </span>
     <span class='ocr_line' id='line_1_4' title="bbox 70 516 1056 593; baseline 0 -16"><span class='ocrx_word' id='word_1_23' title='bbox 70 534 133 579; x_wconf 89' lang='lat' dir='ltr'>nou</span> <span class='ocrx_word' id='word_1_24' title='bbox 147 526 183 579; x_wconf 89' lang='lat' dir='ltr'>ut</span> <span class='ocrx_word' id='word_1_25' title='bbox 197 519 311 591; x_wconf 89' lang='lat' dir='ltr'>locem,</span> <span class='ocrx_word' id='word_1_26' title='bbox 327 534 388 579; x_wconf 90' lang='lat' dir='ltr'>non</span> <span class='ocrx_word' id='word_1_27' title='bbox 404 524 437 577; x_wconf 90' lang='lat' dir='ltr'>ut</span> <span class='ocrx_word' id='word_1_28' title='bbox 449 516 598 586; x_wconf 88' lang='lat' dir='ltr'>habitem,</span> <span class='ocrx_word' id='word_1_29' title='bbox 614 516 644 575; x_wconf 92' lang='lat' dir='ltr'>in</span> <span class='ocrx_word' id='word_1_30' title='bbox 661 516 720 577; x_wconf 90' lang='lat' dir='ltr'>hoc</span> <span class='ocrx_word' id='word_1_31' title='bbox 735 523 850 577; x_wconf 88' lang='lat' dir='ltr'>tantum</span> <span class='ocrx_word' id='word_1_32' title='bbox 864 524 896 576; x_wconf 89' lang='lat' dir='ltr'>ut</span> <span class='ocrx_word' id='word_1_33' title='bbox 909 527 1056 593; x_wconf 77' lang='lat' dir='ltr'>spectem.</span> 
     </span>
     <span class='ocr_line' id='line_1_5' title="bbox 71 599 1087 675; baseline 0.001 -14"><span class='ocrx_word' id='word_1_34' title='bbox 71 602 235 663; x_wconf 87' lang='lat' dir='ltr'>Praeterea</span> <span class='ocrx_word' id='word_1_35' title='bbox 249 617 311 662; x_wconf 90' lang='lat' dir='ltr'>non</span> <span class='ocrx_word' id='word_1_36' title='bbox 326 601 470 673; x_wconf 90' lang='lat' dir='ltr'>mentior,</span> <span class='ocrx_word' id='word_1_37' title='bbox 486 599 513 659; x_wconf 90' lang='lat' dir='ltr'>si</span> <span class='ocrx_word' id='word_1_38' title='bbox 528 599 598 660; x_wconf 92' lang='lat' dir='ltr'>dico</span> <span class='ocrx_word' id='word_1_39' title='bbox 616 615 665 658; x_wconf 90' lang='lat' dir='ltr'>me</span> <span class='ocrx_word' id='word_1_40' title='bbox 680 601 794 660; x_wconf 91' lang='lat' dir='ltr'>habere</span> <span class='ocrx_word' id='word_1_41' title='bbox 810 603 840 660; x_wconf 92' lang='lat' dir='ltr'>in</span> <span class='ocrx_word' id='word_1_42' title='bbox 857 602 1054 675; x_wconf 88' lang='lat' dir='ltr'>equestribus</span> <span class='ocrx_word' id='word_1_43' title='bbox 1062 617 1087 675; x_wconf 55' lang='lat'>‚4</span> 
     </span>
     <span class='ocr_line' id='line_1_6' title="bbox 71 683 1054 760; baseline 0.002 -16"><span class='ocrx_word' id='word_1_44' title='bbox 71 687 185 748; x_wconf 88' lang='lat' dir='ltr'>locum.</span> <span class='ocrx_word' id='word_1_45' title='bbox 214 685 273 745; x_wconf 89' lang='lat' dir='ltr'>sed</span> <span class='ocrx_word' id='word_1_46' title='bbox 291 699 361 744; x_wconf 89' lang='lat' dir='ltr'>oum</span> <span class='ocrx_word' id='word_1_47' title='bbox 383 685 414 744; x_wconf 90' lang='lat' dir='ltr'>in</span> <span class='ocrx_word' id='word_1_48' title='bbox 435 683 586 744; x_wconf 80' lang='lat' dir='ltr'><strong>theatrum</strong></span> <span class='ocrx_word' id='word_1_49' title='bbox 608 685 693 757; x_wconf 90' lang='lat' dir='ltr'>veni,</span> <span class='ocrx_word' id='word_1_50' title='bbox 718 685 744 743; x_wconf 93' lang='lat' dir='ltr'>si</span> <span class='ocrx_word' id='word_1_51' title='bbox 767 687 860 759; x_wconf 91' lang='lat' dir='ltr'>plena</span> <span class='ocrx_word' id='word_1_52' title='bbox 875 696 946 746; x_wconf 90' lang='lat' dir='ltr'>suut</span> <span class='ocrx_word' id='word_1_53' title='bbox 962 701 1054 760; x_wconf 92' lang='lat' dir='ltr'>eque-</span> 
     </span>
     <span class='ocr_line' id='line_1_7' title="bbox 73 767 1057 843; baseline 0 -13"><span class='ocrx_word' id='word_1_54' title='bbox 73 771 146 831; x_wconf 88' lang='lat' dir='ltr'>stria</span> <span class='ocrx_word' id='word_1_55' title='bbox 163 777 196 830; x_wconf 88' lang='lat' dir='ltr'>et</span> <span class='ocrx_word' id='word_1_56' title='bbox 210 768 276 829; x_wconf 90' lang='lat' dir='ltr'>iure</span> <span class='ocrx_word' id='word_1_57' title='bbox 293 768 393 828; x_wconf 90' lang='lat' dir='ltr'>habeo</span> <span class='ocrx_word' id='word_1_58' title='bbox 409 769 511 829; x_wconf 91' lang='lat' dir='ltr'>locum</span> <span class='ocrx_word' id='word_1_59' title='bbox 529 768 604 841; x_wconf 91' lang='lat' dir='ltr'>illic,</span> <span class='ocrx_word' id='word_1_60' title='bbox 622 767 694 842; x_wconf 91' lang='lat' dir='ltr'>quia</span> <span class='ocrx_word' id='word_1_61' title='bbox 710 768 820 828; x_wconf 91' lang='lat' dir='ltr'>sedere</span> <span class='ocrx_word' id='word_1_62' title='bbox 838 768 910 828; x_wconf 90' lang='lat' dir='ltr'>mihi</span> <span class='ocrx_word' id='word_1_63' title='bbox 925 770 1010 843; x_wconf 89' lang='lat' dir='ltr'>licet,</span> <span class='ocrx_word' id='word_1_64' title='bbox 1027 778 1057 830; x_wconf 92' lang='lat' dir='ltr'>et</span> 
     </span>
     <span class='ocr_line' id='line_1_8' title="bbox 71 851 1054 927; baseline -0.001 -13"><span class='ocrx_word' id='word_1_65' title='bbox 71 870 132 914; x_wconf 91' lang='lat' dir='ltr'>non</span> <span class='ocrx_word' id='word_1_66' title='bbox 152 853 272 926; x_wconf 89' lang='lat' dir='ltr'>habeo,</span> <span class='ocrx_word' id='word_1_67' title='bbox 296 852 368 927; x_wconf 89' lang='lat' dir='ltr'>quia</span> <span class='ocrx_word' id='word_1_68' title='bbox 393 851 509 923; x_wconf 89' lang='lat' dir='ltr'>abhis,</span> <span class='ocrx_word' id='word_1_69' title='bbox 529 867 598 911; x_wconf 90' lang='lat' dir='ltr'>cum</span> <span class='ocrx_word' id='word_1_70' title='bbox 614 851 725 926; x_wconf 91' lang='lat' dir='ltr'>quibus</span> <span class='ocrx_word' id='word_1_71' title='bbox 741 853 814 912; x_wconf 82' lang='lat' dir='ltr'>milri</span> <span class='ocrx_word' id='word_1_72' title='bbox 830 854 878 914; x_wconf 93' lang='lat' dir='ltr'>ius</span> <span class='ocrx_word' id='word_1_73' title='bbox 896 855 957 913; x_wconf 92' lang='lat' dir='ltr'>loci</span> <span class='ocrx_word' id='word_1_74' title='bbox 973 870 1054 914; x_wconf 90' lang='lat' dir='ltr'>com·</span> 
     </span>
     <span class='ocr_line' id='line_1_9' title="bbox 71 935 1053 1012; baseline -0.002 -16"><span class='ocrx_word' id='word_1_75' title='bbox 71 952 162 998; x_wconf 87' lang='lat' dir='ltr'>mune</span> <span class='ocrx_word' id='word_1_76' title='bbox 183 944 246 1010; x_wconf 89' lang='lat' dir='ltr'>est,</span> <span class='ocrx_word' id='word_1_77' title='bbox 268 943 437 1010; x_wconf 87' lang='lat' dir='ltr'>occupatus</span> <span class='ocrx_word' id='word_1_78' title='bbox 459 942 515 996; x_wconf 88' lang='lat' dir='ltr'>est.</span> <span class='ocrx_word' id='word_1_79' title='bbox 548 935 630 993; x_wconf 88' lang='lat' dir='ltr'>Idem</span> <span class='ocrx_word' id='word_1_80' title='bbox 653 938 731 995; x_wconf 90' lang='lat' dir='ltr'>inter</span> <span class='ocrx_word' id='word_1_81' title='bbox 748 937 865 998; x_wconf 91' lang='lat' dir='ltr'>amicos</span> <span class='ocrx_word' id='word_1_82' title='bbox 883 945 958 1012; x_wconf 89' lang='lat' dir='ltr'>puta</span> <span class='ocrx_word' id='word_1_83' title='bbox 972 938 1053 999; x_wconf 86' lang='lat' dir='ltr'>fieri:</span> 
     </span>
     <span class='ocr_line' id='line_1_10' title="bbox 72 1020 1085 1097; baseline 0.002 -16"><span class='ocrx_word' id='word_1_84' title='bbox 72 1020 222 1097; x_wconf 90' lang='lat' dir='ltr'>quioquid</span> <span class='ocrx_word' id='word_1_85' title='bbox 242 1020 335 1080; x_wconf 89' lang='lat' dir='ltr'>habet</span> <span class='ocrx_word' id='word_1_86' title='bbox 358 1020 489 1091; x_wconf 90' lang='lat' dir='ltr'>amicus,</span> <span class='ocrx_word' id='word_1_87' title='bbox 518 1033 679 1078; x_wconf 87' lang='lat' dir='ltr'>commune</span> <span class='ocrx_word' id='word_1_88' title='bbox 701 1025 749 1078; x_wconf 91' lang='lat' dir='ltr'>est</span> <span class='ocrx_word' id='word_1_89' title='bbox 767 1021 872 1090; x_wconf 88' lang='lat' dir='ltr'>nobis,</span> <span class='ocrx_word' id='word_1_90' title='bbox 895 1024 952 1081; x_wconf 90' lang='lat' dir='ltr'>sed</span> <span class='ocrx_word' id='word_1_91' title='bbox 972 1022 1085 1094; x_wconf 84' lang='lat' dir='ltr'>illius5</span> 
     </span>
     <span class='ocr_line' id='line_1_11' title="bbox 71 1100 1051 1181; baseline -0.002 -16"><span class='ocrx_word' id='word_1_92' title='bbox 71 1105 233 1181; x_wconf 89' lang='lat' dir='ltr'>proprium</span> <span class='ocrx_word' id='word_1_93' title='bbox 249 1111 315 1177; x_wconf 89' lang='lat' dir='ltr'>est,</span> <span class='ocrx_word' id='word_1_94' title='bbox 332 1102 385 1178; x_wconf 92' lang='lat' dir='ltr'>qui</span> <span class='ocrx_word' id='word_1_95' title='bbox 400 1108 490 1163; x_wconf 87' lang='lat' dir='ltr'>tenet.</span> <span class='ocrx_word' id='word_1_96' title='bbox 513 1101 558 1161; x_wconf 88' lang='lat' dir='ltr'>uti</span> <span class='ocrx_word' id='word_1_97' title='bbox 573 1100 621 1160; x_wconf 91' lang='lat' dir='ltr'>his</span> <span class='ocrx_word' id='word_1_98' title='bbox 633 1102 684 1160; x_wconf 94' lang='lat' dir='ltr'>illo</span> <span class='ocrx_word' id='word_1_99' title='bbox 699 1102 822 1161; x_wconf 88' lang='lat' dir='ltr'>nolente</span> <span class='ocrx_word' id='word_1_100' title='bbox 835 1121 897 1164; x_wconf 90' lang='lat' dir='ltr'>non</span> <span class='ocrx_word' id='word_1_101' title='bbox 913 1121 1051 1179; x_wconf 88' lang='lat' dir='ltr'>possum.</span> 
     </span>
     <span class='ocr_line' id='line_1_12' title="bbox 71 1185 1054 1263; baseline 0 -15"><span class='ocrx_word' id='word_1_102' title='bbox 71 1188 221 1263; x_wconf 84' lang='lat' dir='ltr'>„Derides</span> <span class='ocrx_word' id='word_1_103' title='bbox 234 1203 298 1261; x_wconf 89' lang='lat' dir='ltr'>me,</span> <span class='ocrx_word' id='word_1_104' title='bbox 313 1187 432 1262; x_wconf 82' lang='lat' dir='ltr'>inquis:</span> <span class='ocrx_word' id='word_1_105' title='bbox 449 1185 571 1260; x_wconf 92' lang='lat' dir='ltr'>siquod</span> <span class='ocrx_word' id='word_1_106' title='bbox 586 1185 675 1244; x_wconf 83' lang='lat' dir='ltr'>unrici</span> <span class='ocrx_word' id='word_1_107' title='bbox 690 1191 751 1257; x_wconf 90' lang='lat' dir='ltr'>est,</span> <span class='ocrx_word' id='word_1_108' title='bbox 767 1201 867 1246; x_wconf 91' lang='lat' dir='ltr'>meum</span> <span class='ocrx_word' id='word_1_109' title='bbox 881 1195 942 1260; x_wconf 89' lang='lat' dir='ltr'>est,</span> <span class='ocrx_word' id='word_1_110' title='bbox 964 1191 1054 1249; x_wconf 90' lang='lat' dir='ltr'>liceat</span> 
     </span>
     <span class='ocr_line' id='line_1_13' title="bbox 70 1270 1052 1342; baseline -0.002 -10"><span class='ocrx_word' id='word_1_111' title='bbox 70 1271 143 1332; x_wconf 90' lang='lat' dir='ltr'>mihi</span> <span class='ocrx_word' id='word_1_112' title='bbox 164 1272 330 1331; x_wconf 88' lang='lat' dir='ltr'>vendere.“</span> <span class='ocrx_word' id='word_1_113' title='bbox 363 1271 428 1330; x_wconf 89' lang='lat' dir='ltr'>Non</span> <span class='ocrx_word' id='word_1_114' title='bbox 446 1271 529 1328; x_wconf 87' lang='lat' dir='ltr'>licet:</span> <span class='ocrx_word' id='word_1_115' title='bbox 553 1285 621 1326; x_wconf 88' lang='lat' dir='ltr'>nam</span> <span class='ocrx_word' id='word_1_116' title='bbox 639 1283 696 1326; x_wconf 89' lang='lat' dir='ltr'>nec</span> <span class='ocrx_word' id='word_1_117' title='bbox 711 1270 880 1342; x_wconf 79' lang='lat' dir='ltr'>equestria,</span> <span class='ocrx_word' id='word_1_118' title='bbox 904 1278 1052 1330; x_wconf 88' lang='lat' dir='ltr'>ettamen</span> 
     </span>
     <span class='ocr_line' id='line_1_14' title="bbox 70 1351 1084 1428; baseline -0.004 -12"><span class='ocrx_word' id='word_1_119' title='bbox 70 1353 245 1416; x_wconf 88' lang='lat' dir='ltr'>eommunia</span> <span class='ocrx_word' id='word_1_120' title='bbox 264 1354 318 1413; x_wconf 89' lang='lat' dir='ltr'>tibi</span> <span class='ocrx_word' id='word_1_121' title='bbox 339 1370 407 1413; x_wconf 90' lang='lat' dir='ltr'>cum</span> <span class='ocrx_word' id='word_1_122' title='bbox 428 1353 538 1413; x_wconf 91' lang='lat' dir='ltr'>ceteris</span> <span class='ocrx_word' id='word_1_123' title='bbox 559 1351 713 1426; x_wconf 87' lang='lat' dir='ltr'>equitibus</span> <span class='ocrx_word' id='word_1_124' title='bbox 738 1360 817 1412; x_wconf 86' lang='lat' dir='ltr'>suut.</span> <span class='ocrx_word' id='word_1_125' title='bbox 853 1353 919 1413; x_wconf 89' lang='lat' dir='ltr'>Non</span> <span class='ocrx_word' id='word_1_126' title='bbox 942 1363 990 1414; x_wconf 88' lang='lat' dir='ltr'>est</span> <span class='ocrx_word' id='word_1_127' title='bbox 1004 1371 1084 1428; x_wconf 72' lang='grc' dir='ltr'>ιιι-6</span> 
     </span>
     <span class='ocr_line' id='line_1_15' title="bbox 69 1436 1052 1514; baseline 0 -16"><span class='ocrx_word' id='word_1_128' title='bbox 69 1445 247 1514; x_wconf 78' lang='lat' dir='ltr'>gumentum</span> <span class='ocrx_word' id='word_1_129' title='bbox 261 1437 332 1497; x_wconf 94' lang='lat' dir='ltr'>ideo</span> <span class='ocrx_word' id='word_1_130' title='bbox 347 1436 463 1512; x_wconf 88' lang='lat' dir='ltr'>aliquid</span> <span class='ocrx_word' id='word_1_131' title='bbox 477 1443 560 1496; x_wconf 90' lang='lat' dir='ltr'>tuum</span> <span class='ocrx_word' id='word_1_132' title='bbox 576 1452 637 1496; x_wconf 90' lang='lat' dir='ltr'>non</span> <span class='ocrx_word' id='word_1_133' title='bbox 650 1451 736 1508; x_wconf 91' lang='lat' dir='ltr'>esse,</span> <span class='ocrx_word' id='word_1_134' title='bbox 754 1437 825 1510; x_wconf 91' lang='lat' dir='ltr'>quia</span> <span class='ocrx_word' id='word_1_135' title='bbox 839 1437 974 1497; x_wconf 88' lang='lat' dir='ltr'>vendere</span> <span class='ocrx_word' id='word_1_136' title='bbox 989 1455 1052 1498; x_wconf 92' lang='lat' dir='ltr'>non</span> 
     </span>
     <span class='ocr_line' id='line_1_16' title="bbox 68 1519 1051 1598; baseline 0 -15"><span class='ocrx_word' id='word_1_137' title='bbox 68 1530 177 1598; x_wconf 77' lang='lat' dir='ltr'>putee,</span> <span class='ocrx_word' id='word_1_138' title='bbox 195 1520 268 1596; x_wconf 86' lang='lat' dir='ltr'>quia</span> <span class='ocrx_word' id='word_1_139' title='bbox 285 1536 481 1593; x_wconf 83' lang='lat' dir='ltr'>consumere,</span> <span class='ocrx_word' id='word_1_140' title='bbox 499 1521 570 1594; x_wconf 93' lang='lat' dir='ltr'>quia</span> <span class='ocrx_word' id='word_1_141' title='bbox 590 1529 707 1580; x_wconf 91' lang='lat' dir='ltr'>mutare</span> <span class='ocrx_word' id='word_1_142' title='bbox 722 1519 752 1578; x_wconf 90' lang='lat' dir='ltr'>in</span> <span class='ocrx_word' id='word_1_143' title='bbox 768 1521 903 1581; x_wconf 85' lang='lat' dir='ltr'>deterius</span> <span class='ocrx_word' id='word_1_144' title='bbox 920 1530 972 1582; x_wconf 89' lang='lat' dir='ltr'>aut</span> <span class='ocrx_word' id='word_1_145' title='bbox 989 1540 1051 1583; x_wconf 77' lang='lat' dir='ltr'>me</span> 
     </span>
     <span class='ocr_line' id='line_1_17' title="bbox 67 1603 1051 1678; baseline 0 -12"><span class='ocrx_word' id='word_1_146' title='bbox 67 1607 138 1669; x_wconf 90' lang='lat' dir='ltr'>lius.</span> <span class='ocrx_word' id='word_1_147' title='bbox 173 1611 257 1665; x_wconf 90' lang='lat' dir='ltr'>tuum</span> <span class='ocrx_word' id='word_1_148' title='bbox 272 1607 351 1665; x_wconf 90' lang='lat' dir='ltr'>enim</span> <span class='ocrx_word' id='word_1_149' title='bbox 370 1611 417 1664; x_wconf 88' lang='lat' dir='ltr'>est</span> <span class='ocrx_word' id='word_1_150' title='bbox 434 1605 523 1663; x_wconf 88' lang='lat' dir='ltr'>etiam</span> <span class='ocrx_word' id='word_1_151' title='bbox 540 1605 624 1678; x_wconf 93' lang='lat' dir='ltr'>quod</span> <span class='ocrx_word' id='word_1_152' title='bbox 639 1603 696 1663; x_wconf 90' lang='lat' dir='ltr'>sub</span> <span class='ocrx_word' id='word_1_153' title='bbox 714 1604 782 1678; x_wconf 86' lang='lat' dir='ltr'>lege</span> <span class='ocrx_word' id='word_1_154' title='bbox 798 1615 879 1666; x_wconf 92' lang='lat' dir='ltr'>oerta</span> <span class='ocrx_word' id='word_1_155' title='bbox 894 1613 977 1666; x_wconf 88' lang='lat' dir='ltr'>tuum</span> <span class='ocrx_word' id='word_1_156' title='bbox 994 1615 1051 1667; x_wconf 87' lang='lat' dir='ltr'>est.</span> 
     </span>
    </p>

    <p class='ocr_par' dir='ltr' id='par_1_3' title="bbox 66 1687 1050 2250">
     <span class='ocr_line' id='line_1_18' title="bbox 132 1687 1050 1762; baseline 0.002 -13"><span class='ocrx_word' id='word_1_157' title='bbox 132 1689 212 1749; x_wconf 89' lang='lat' dir='ltr'>Xlll.</span> <span class='ocrx_word' id='word_1_158' title='bbox 234 1687 305 1729; x_wconf 86' lang='lat'>***</span> <span class='ocrx_word' id='word_1_159' title='bbox 325 1689 447 1762; x_wconf 91' lang='lat' dir='ltr'>accepi,</span> <span class='ocrx_word' id='word_1_160' title='bbox 473 1689 529 1747; x_wconf 94' lang='lat' dir='ltr'>sed</span> <span class='ocrx_word' id='word_1_161' title='bbox 553 1695 634 1746; x_wconf 86' lang='lat' dir='ltr'>certe</span> <span class='ocrx_word' id='word_1_162' title='bbox 653 1703 716 1747; x_wconf 88' lang='lat' dir='ltr'>nou</span> <span class='ocrx_word' id='word_1_163' title='bbox 736 1689 845 1750; x_wconf 88' lang='lat' dir='ltr'>miuus.</span> <span class='ocrx_word' id='word_1_164' title='bbox 874 1691 919 1750; x_wconf 89' lang='lat' dir='ltr'>Ne</span> <span class='ocrx_word' id='word_1_165' title='bbox 933 1692 1050 1751; x_wconf 81' lang='lat' dir='ltr'>traham</span> 
     </span>
     <span class='ocr_line' id='line_1_19' title="bbox 66 1771 1050 1848; baseline -0.001 -13"><span class='ocrx_word' id='word_1_166' title='bbox 66 1773 209 1848; x_wconf 80' lang='lat' dir='ltr'>longius,</span> <span class='ocrx_word' id='word_1_167' title='bbox 234 1771 474 1832; x_wconf 76' lang='lat' dir='ltr'>beneficium</span> <span class='ocrx_word' id='word_1_168' title='bbox 494 1771 618 1829; x_wconf 90' lang='lat' dir='ltr'>maius</span> <span class='ocrx_word' id='word_1_169' title='bbox 635 1787 813 1832; x_wconf 89' lang='lat' dir='ltr'>essenon</span> <span class='ocrx_word' id='word_1_170' title='bbox 831 1782 980 1848; x_wconf 83' lang='lat' dir='ltr'>potest:</span> <span class='ocrx_word' id='word_1_171' title='bbox 1004 1792 1050 1848; x_wconf 87' lang='lat' dir='ltr'>ea,</span> 
     </span>
     <span class='ocr_line' id='line_1_20' title="bbox 68 1854 1048 1934; baseline -0.001 -17"><span class='ocrx_word' id='word_1_172' title='bbox 68 1874 128 1934; x_wconf 94' lang='lat' dir='ltr'>per</span> <span class='ocrx_word' id='word_1_173' title='bbox 139 1872 221 1931; x_wconf 86' lang='lat' dir='ltr'>quae</span> <span class='ocrx_word' id='word_1_174' title='bbox 232 1854 414 1915; x_wconf 89' lang='lat' dir='ltr'>beneficium</span> <span class='ocrx_word' id='word_1_175' title='bbox 427 1856 532 1927; x_wconf 88' lang='lat' dir='ltr'>datur,</span> <span class='ocrx_word' id='word_1_176' title='bbox 545 1862 677 1928; x_wconf 81' lang='lat' dir='ltr'>possunt</span> <span class='ocrx_word' id='word_1_177' title='bbox 691 1869 763 1913; x_wconf 91' lang='lat' dir='ltr'>esse</span> <span class='ocrx_word' id='word_1_178' title='bbox 778 1857 894 1916; x_wconf 90' lang='lat' dir='ltr'>maiora</span> <span class='ocrx_word' id='word_1_179' title='bbox 910 1866 940 1917; x_wconf 89' lang='lat' dir='ltr'>et</span> <span class='ocrx_word' id='word_1_180' title='bbox 952 1860 1048 1933; x_wconf 90' lang='lat' dir='ltr'>plura,</span> 
     </span>
     <span class='ocr_line' id='line_1_21' title="bbox 66 1936 1048 2015; baseline -0.002 -15"><span class='ocrx_word' id='word_1_181' title='bbox 66 1943 99 2000; x_wconf 92' lang='lat' dir='ltr'>iu</span> <span class='ocrx_word' id='word_1_182' title='bbox 118 1941 202 2015; x_wconf 82' lang='lat' dir='ltr'>quae</span> <span class='ocrx_word' id='word_1_183' title='bbox 223 1954 258 1999; x_wconf 90' lang='lat' dir='ltr'>se</span> <span class='ocrx_word' id='word_1_184' title='bbox 277 1940 409 2012; x_wconf 75' lang='lat' dir='ltr'>undique</span> <span class='ocrx_word' id='word_1_185' title='bbox 429 1937 642 1998; x_wconf 89' lang='lat' dir='ltr'>benevolentia</span> <span class='ocrx_word' id='word_1_186' title='bbox 663 1936 799 1996; x_wconf 84' lang='lat' dir='ltr'>effundat</span> <span class='ocrx_word' id='word_1_187' title='bbox 821 1946 852 1998; x_wconf 91' lang='lat' dir='ltr'>et</span> <span class='ocrx_word' id='word_1_188' title='bbox 865 1938 911 1998; x_wconf 91' lang='lat' dir='ltr'>sic</span> <span class='ocrx_word' id='word_1_189' title='bbox 926 1939 984 1999; x_wconf 91' lang='lat' dir='ltr'>sibi</span> <span class='ocrx_word' id='word_1_190' title='bbox 1003 1941 1048 1998; x_wconf 91' lang='lat' dir='ltr'>in-</span> 
     </span>
     <span class='ocr_line' id='line_1_22' title="bbox 67 2020 1050 2097; baseline -0.004 -13"><span class='ocrx_word' id='word_1_191' title='bbox 67 2025 211 2097; x_wconf 81' lang='lat' dir='ltr'>dulgeat,</span> <span class='ocrx_word' id='word_1_192' title='bbox 242 2022 497 2097; x_wconf 87' lang='lat' dir='ltr'>quemadmodum</span> <span class='ocrx_word' id='word_1_193' title='bbox 518 2027 654 2081; x_wconf 89' lang='lat' dir='ltr'>amantes</span> <span class='ocrx_word' id='word_1_194' title='bbox 677 2020 792 2093; x_wconf 85' lang='lat' dir='ltr'>solent,</span> <span class='ocrx_word' id='word_1_195' title='bbox 813 2038 943 2096; x_wconf 91' lang='lat' dir='ltr'>quorum</span> <span class='ocrx_word' id='word_1_196' title='bbox 963 2026 1050 2096; x_wconf 90' lang='lat' dir='ltr'>plura</span> 
     </span>
     <span class='ocr_line' id='line_1_23' title="bbox 67 2106 1049 2181; baseline -0.003 -13"><span class='ocrx_word' id='word_1_197' title='bbox 67 2108 179 2168; x_wconf 87' lang='lat' dir='ltr'>oscula</span> <span class='ocrx_word' id='word_1_198' title='bbox 200 2113 231 2166; x_wconf 90' lang='lat' dir='ltr'>et</span> <span class='ocrx_word' id='word_1_199' title='bbox 251 2108 420 2181; x_wconf 84' lang='lat' dir='ltr'>conplexus</span> <span class='ocrx_word' id='word_1_200' title='bbox 447 2106 574 2166; x_wconf 86' lang='lat' dir='ltr'>artiores</span> <span class='ocrx_word' id='word_1_201' title='bbox 596 2121 658 2164; x_wconf 88' lang='lat' dir='ltr'>non</span> <span class='ocrx_word' id='word_1_202' title='bbox 681 2113 792 2178; x_wconf 80' lang='lat' dir='ltr'>augent</span> <span class='ocrx_word' id='word_1_203' title='bbox 814 2121 965 2179; x_wconf 79' lang='lat' dir='ltr'>arnonem,</span> <span class='ocrx_word' id='word_1_204' title='bbox 992 2106 1049 2166; x_wconf 91' lang='lat' dir='ltr'>sed</span> 
     </span>
     <span class='ocr_line' id='line_1_24' title="bbox 68 2195 226 2250; baseline -0.013 -1"><span class='ocrx_word' id='word_1_205' title='bbox 68 2195 226 2250; x_wconf 84' lang='lat' dir='ltr'>exercent.</span> 
     </span>
    </p>

    <p class='ocr_par' dir='ltr' id='par_1_4' title="bbox 39 2272 1078 3594">
     <span class='ocr_line' id='line_1_25' title="bbox 132 2272 1078 2348; baseline 0 -16"><span class='ocrx_word' id='word_1_206' title='bbox 132 2272 213 2332; x_wconf 88' lang='lat' dir='ltr'><strong>XIV.</strong></span> <span class='ocrx_word' id='word_1_207' title='bbox 236 2275 320 2333; x_wconf 87' lang='lat' dir='ltr'>Haec</span> <span class='ocrx_word' id='word_1_208' title='bbox 342 2289 483 2348; x_wconf 90' lang='lat' dir='ltr'>quoque,</span> <span class='ocrx_word' id='word_1_209' title='bbox 506 2290 585 2348; x_wconf 88' lang='lat' dir='ltr'>quae</span> <span class='ocrx_word' id='word_1_210' title='bbox 605 2272 701 2343; x_wconf 89' lang='lat' dir='ltr'>venit,</span> <span class='ocrx_word' id='word_1_211' title='bbox 730 2275 868 2347; x_wconf 84' lang='lat' dir='ltr'>quaestio</span> <span class='ocrx_word' id='word_1_212' title='bbox 887 2273 1078 2348; x_wconf 83' lang='lat' dir='ltr'>profligatal</span> 
     </span>
     <span class='ocr_line' id='line_1_26' title="bbox 67 2355 1049 2438; baseline -0.002 -21"><span class='ocrx_word' id='word_1_213' title='bbox 67 2357 169 2438; x_wconf 81' lang='lat' dir='ltr'>estin</span> <span class='ocrx_word' id='word_1_214' title='bbox 188 2355 358 2432; x_wconf 86' lang='lat' dir='ltr'>prioribus:</span> <span class='ocrx_word' id='word_1_215' title='bbox 382 2358 485 2431; x_wconf 86' lang='lat' dir='ltr'>itaque</span> <span class='ocrx_word' id='word_1_216' title='bbox 506 2356 639 2416; x_wconf 89' lang='lat' dir='ltr'>breviter</span> <span class='ocrx_word' id='word_1_217' title='bbox 658 2359 887 2432; x_wconf 82' lang='lat' dir='ltr'>perstringetur.</span> <span class='ocrx_word' id='word_1_218' title='bbox 916 2365 1049 2433; x_wconf 88' lang='lat' dir='ltr'>possunt</span> 
     </span>
     <span class='ocr_line' id='line_1_27' title="bbox 68 2439 1047 2516; baseline -0.003 -17"><span class='ocrx_word' id='word_1_219' title='bbox 68 2439 152 2500; x_wconf 90' lang='lat' dir='ltr'>enim</span> <span class='ocrx_word' id='word_1_220' title='bbox 175 2440 206 2499; x_wconf 91' lang='lat' dir='ltr'>in</span> <span class='ocrx_word' id='word_1_221' title='bbox 229 2440 309 2500; x_wconf 89' lang='lat' dir='ltr'>hanc</span> <span class='ocrx_word' id='word_1_222' title='bbox 330 2456 408 2516; x_wconf 91' lang='lat' dir='ltr'>quae</span> <span class='ocrx_word' id='word_1_223' title='bbox 424 2441 491 2499; x_wconf 91' lang='lat' dir='ltr'>aliis</span> <span class='ocrx_word' id='word_1_224' title='bbox 513 2440 584 2500; x_wconf 88' lang='lat' dir='ltr'>data</span> <span class='ocrx_word' id='word_1_225' title='bbox 599 2449 670 2501; x_wconf 91' lang='lat' dir='ltr'>sunt</span> <span class='ocrx_word' id='word_1_226' title='bbox 686 2450 864 2514; x_wconf 80' lang='lat' dir='ltr'>argumenta</span> <span class='ocrx_word' id='word_1_227' title='bbox 880 2441 1047 2500; x_wconf 83' lang='lat' dir='ltr'>transferri.</span> 
     </span>
     <span class='ocr_line' id='line_1_28' title="bbox 68 2522 1048 2599; baseline -0.007 -15"><span class='ocrx_word' id='word_1_228' title='bbox 68 2523 301 2599; x_wconf 79' lang='lat' dir='ltr'>Quaeritur,</span> <span class='ocrx_word' id='word_1_229' title='bbox 324 2541 368 2583; x_wconf 89' lang='lat' dir='ltr'>an</span> <span class='ocrx_word' id='word_1_230' title='bbox 391 2524 455 2598; x_wconf 92' lang='lat' dir='ltr'>qui</span> <span class='ocrx_word' id='word_1_231' title='bbox 477 2525 601 2584; x_wconf 88' lang='lat' dir='ltr'>omnia</span> <span class='ocrx_word' id='word_1_232' title='bbox 623 2526 732 2596; x_wconf 86' lang='lat' dir='ltr'>lecit,</span> <span class='ocrx_word' id='word_1_233' title='bbox 755 2532 792 2589; x_wconf 90' lang='lat' dir='ltr'>ut</span> <span class='ocrx_word' id='word_1_234' title='bbox 812 2522 1048 2582; x_wconf 84' lang='lat' dir='ltr'>beneficium</span> 
     </span>
     <span class='ocr_line' id='line_1_29' title="bbox 67 2606 1076 2681; baseline -0.006 -13"><span class='ocrx_word' id='word_1_235' title='bbox 67 2608 270 2679; x_wconf 88' lang='lat' dir='ltr'>redderet,</span> <span class='ocrx_word' id='word_1_236' title='bbox 293 2607 523 2666; x_wconf 88' lang='lat' dir='ltr'>reddiderit.</span> <span class='ocrx_word' id='word_1_237' title='bbox 553 2607 617 2680; x_wconf 88' lang='lat' dir='ltr'>„Ut</span> <span class='ocrx_word' id='word_1_238' title='bbox 638 2609 734 2679; x_wconf 79' lang='lat' dir='ltr'>sciaS,</span> <span class='ocrx_word' id='word_1_239' title='bbox 755 2607 866 2681; x_wconf 88' lang='lat' dir='ltr'>inquit,</span> <span class='ocrx_word' id='word_1_240' title='bbox 886 2606 969 2663; x_wconf 91' lang='lat' dir='ltr'>illum</span> <span class='ocrx_word' id='word_1_241' title='bbox 986 2611 1076 2663; x_wconf 68' lang='lat' dir='ltr'>nona</span> 
     </span>
     <span class='ocr_line' id='line_1_30' title="bbox 67 2689 1047 2763; baseline -0.004 -13"><span class='ocrx_word' id='word_1_242' title='bbox 67 2690 258 2750; x_wconf 83' lang='lat' dir='ltr'>reddidisse:</span> <span class='ocrx_word' id='word_1_243' title='bbox 282 2692 382 2752; x_wconf 91' lang='lat' dir='ltr'>omnia</span> <span class='ocrx_word' id='word_1_244' title='bbox 403 2690 487 2763; x_wconf 87' lang='lat' dir='ltr'>lecit,</span> <span class='ocrx_word' id='word_1_245' title='bbox 516 2697 548 2750; x_wconf 85' lang='lat' dir='ltr'>ut</span> <span class='ocrx_word' id='word_1_246' title='bbox 568 2691 720 2750; x_wconf 87' lang='lat' dir='ltr'>redderet.</span> <span class='ocrx_word' id='word_1_247' title='bbox 752 2689 881 2763; x_wconf 88' lang='lat' dir='ltr'>adparet</span> <span class='ocrx_word' id='word_1_248' title='bbox 896 2703 969 2760; x_wconf 81' lang='lat' dir='ltr'>ergo</span> <span class='ocrx_word' id='word_1_249' title='bbox 986 2703 1047 2747; x_wconf 90' lang='lat' dir='ltr'>non</span> 
     </span>
     <span class='ocr_line' id='line_1_31' title="bbox 71 2769 1047 2848; baseline -0.003 -14"><span class='ocrx_word' id='word_1_250' title='bbox 71 2789 145 2834; x_wconf 88' lang='lat' dir='ltr'>esse</span> <span class='ocrx_word' id='word_1_251' title='bbox 162 2775 194 2832; x_wconf 92' lang='lat' dir='ltr'>id</span> <span class='ocrx_word' id='word_1_252' title='bbox 209 2775 334 2847; x_wconf 89' lang='lat' dir='ltr'>lactum,</span> <span class='ocrx_word' id='word_1_253' title='bbox 352 2774 438 2833; x_wconf 91' lang='lat' dir='ltr'>cuius</span> <span class='ocrx_word' id='word_1_254' title='bbox 454 2774 584 2833; x_wconf 80' lang='lat' dir='ltr'>faciendi</span> <span class='ocrx_word' id='word_1_255' title='bbox 599 2791 660 2833; x_wconf 88' lang='lat' dir='ltr'>non</span> <span class='ocrx_word' id='word_1_256' title='bbox 672 2788 744 2832; x_wconf 91' lang='lat' dir='ltr'>esse</span> <span class='ocrx_word' id='word_1_257' title='bbox 760 2769 892 2848; x_wconf 82' lang='lat' dir='ltr'>[**uut]</span> <span class='ocrx_word' id='word_1_258' title='bbox 909 2771 1047 2831; x_wconf 91' lang='lat' dir='ltr'>occasio·</span> 
     </span>
     <span class='ocr_line' id='line_1_32' title="bbox 68 2854 1047 2930; baseline -0.002 -13"><span class='ocrx_word' id='word_1_259' title='bbox 68 2873 139 2917; x_wconf 90' lang='lat' dir='ltr'>nem</span> <span class='ocrx_word' id='word_1_260' title='bbox 153 2873 216 2916; x_wconf 90' lang='lat' dir='ltr'>non</span> <span class='ocrx_word' id='word_1_261' title='bbox 228 2857 341 2917; x_wconf 89' lang='lat' dir='ltr'>habuit.</span> <span class='ocrx_word' id='word_1_262' title='bbox 363 2857 401 2917; x_wconf 83' lang='lat' dir='ltr'>Et</span> <span class='ocrx_word' id='word_1_263' title='bbox 415 2857 556 2917; x_wconf 88' lang='lat' dir='ltr'>creditori</span> <span class='ocrx_word' id='word_1_264' title='bbox 572 2874 629 2917; x_wconf 91' lang='lat' dir='ltr'>suo</span> <span class='ocrx_word' id='word_1_265' title='bbox 647 2856 806 2930; x_wconf 89' lang='lat' dir='ltr'>pecuniam</span> <span class='ocrx_word' id='word_1_266' title='bbox 823 2871 884 2914; x_wconf 89' lang='grc' dir='ltr'>ιιοιι</span> <span class='ocrx_word' id='word_1_267' title='bbox 903 2854 1047 2927; x_wconf 88' lang='lat' dir='ltr'>solvitis,</span> 
     </span>
     <span class='ocr_line' id='line_1_33' title="bbox 69 2938 1075 3016; baseline -0.002 -17"><span class='ocrx_word' id='word_1_268' title='bbox 69 2941 121 3016; x_wconf 91' lang='lat' dir='ltr'>qui</span> <span class='ocrx_word' id='word_1_269' title='bbox 137 2948 170 3000; x_wconf 90' lang='lat' dir='ltr'>ut</span> <span class='ocrx_word' id='word_1_270' title='bbox 184 2942 332 3012; x_wconf 88' lang='lat' dir='ltr'>solveret,</span> <span class='ocrx_word' id='word_1_271' title='bbox 348 2941 463 3015; x_wconf 90' lang='lat' dir='ltr'>ubique</span> <span class='ocrx_word' id='word_1_272' title='bbox 479 2941 630 3014; x_wconf 86' lang='lat' dir='ltr'>quaesivit</span> <span class='ocrx_word' id='word_1_273' title='bbox 647 2955 703 2998; x_wconf 89' lang='lat' dir='ltr'>neo</span> <span class='ocrx_word' id='word_1_274' title='bbox 719 2938 863 2998; x_wconf 87' lang='lat' dir='ltr'>invenit.“</span> <span class='ocrx_word' id='word_1_275' title='bbox 892 2940 1075 3012; x_wconf 81' lang='lat' dir='ltr'>Quaedam3</span> 
     </span>
     <span class='ocr_line' id='line_1_34' title="bbox 69 3023 1045 3098; baseline -0.006 -14"><span class='ocrx_word' id='word_1_276' title='bbox 69 3023 137 3084; x_wconf 87' lang='lat' dir='ltr'>eius</span> <span class='ocrx_word' id='word_1_277' title='bbox 163 3023 355 3084; x_wconf 86' lang='lat' dir='ltr'>condicionis</span> <span class='ocrx_word' id='word_1_278' title='bbox 381 3032 465 3095; x_wconf 88' lang='lat' dir='ltr'>sunt,</span> <span class='ocrx_word' id='word_1_279' title='bbox 493 3030 526 3083; x_wconf 91' lang='grc' dir='ltr'>ιιι</span> <span class='ocrx_word' id='word_1_280' title='bbox 550 3023 692 3083; x_wconf 84' lang='lat' dir='ltr'>effectum</span> <span class='ocrx_word' id='word_1_281' title='bbox 718 3030 875 3098; x_wconf 89' lang='lat' dir='ltr'>praestare</span> <span class='ocrx_word' id='word_1_282' title='bbox 901 3024 1045 3083; x_wconf 83' lang='lat' dir='ltr'>debeant:</span> 
     </span>
     <span class='ocr_line' id='line_1_35' title="bbox 69 3107 1046 3183; baseline -0.004 -15"><span class='ocrx_word' id='word_1_283' title='bbox 69 3107 253 3183; x_wconf 86' lang='lat' dir='ltr'>quibusdam</span> <span class='ocrx_word' id='word_1_284' title='bbox 268 3125 324 3183; x_wconf 89' lang='lat' dir='ltr'>pro</span> <span class='ocrx_word' id='word_1_285' title='bbox 337 3107 448 3167; x_wconf 87' lang='lat' dir='ltr'>effectu</span> <span class='ocrx_word' id='word_1_286' title='bbox 460 3115 507 3167; x_wconf 90' lang='lat' dir='ltr'>est</span> <span class='ocrx_word' id='word_1_287' title='bbox 523 3107 624 3167; x_wconf 88' lang='lat' dir='ltr'>omnia</span> <span class='ocrx_word' id='word_1_288' title='bbox 634 3113 815 3181; x_wconf 88' lang='lat' dir='ltr'>temptasse,</span> <span class='ocrx_word' id='word_1_289' title='bbox 830 3113 863 3166; x_wconf 85' lang='lat' dir='ltr'>ut</span> <span class='ocrx_word' id='word_1_290' title='bbox 880 3107 1046 3166; x_wconf 82' lang='lat' dir='ltr'>efficerent.</span> 
     </span>
     <span class='ocr_line' id='line_1_36' title="bbox 68 3190 1045 3265; baseline -0.006 -13"><span class='ocrx_word' id='word_1_291' title='bbox 68 3191 101 3252; x_wconf 87' lang='lat' dir='ltr'>Si</span> <span class='ocrx_word' id='word_1_292' title='bbox 116 3193 223 3252; x_wconf 90' lang='lat' dir='ltr'>omnia</span> <span class='ocrx_word' id='word_1_293' title='bbox 244 3193 315 3252; x_wconf 87' lang='lat' dir='ltr'>lecit</span> <span class='ocrx_word' id='word_1_294' title='bbox 336 3199 369 3251; x_wconf 93' lang='lat' dir='ltr'>ut</span> <span class='ocrx_word' id='word_1_295' title='bbox 389 3198 524 3262; x_wconf 89' lang='lat' dir='ltr'>sanaret,</span> <span class='ocrx_word' id='word_1_296' title='bbox 547 3190 664 3265; x_wconf 82' lang='lat' dir='ltr'>peregit</span> <span class='ocrx_word' id='word_1_297' title='bbox 685 3191 822 3251; x_wconf 91' lang='lat' dir='ltr'>medicus</span> <span class='ocrx_word' id='word_1_298' title='bbox 842 3198 945 3264; x_wconf 92' lang='lat' dir='ltr'>partes</span> <span class='ocrx_word' id='word_1_299' title='bbox 962 3206 1045 3249; x_wconf 89' lang='lat' dir='ltr'>suas.</span> 
     </span>
     <span class='ocr_line' id='line_1_37' title="bbox 67 3273 1045 3348; baseline -0.005 -13"><span class='ocrx_word' id='word_1_300' title='bbox 67 3277 158 3336; x_wconf 89' lang='lat' dir='ltr'>etiam</span> <span class='ocrx_word' id='word_1_301' title='bbox 180 3276 321 3336; x_wconf 85' lang='lat' dir='ltr'>damnato</span> <span class='ocrx_word' id='word_1_302' title='bbox 343 3292 396 3336; x_wconf 92' lang='lat' dir='ltr'>reo</span> <span class='ocrx_word' id='word_1_303' title='bbox 423 3274 535 3335; x_wconf 88' lang='lat' dir='ltr'>oratori</span> <span class='ocrx_word' id='word_1_304' title='bbox 561 3282 681 3334; x_wconf 88' lang='lat' dir='ltr'>constat</span> <span class='ocrx_word' id='word_1_305' title='bbox 693 3274 886 3348; x_wconf 88' lang='lat' dir='ltr'>eloquentiae</span> <span class='ocrx_word' id='word_1_306' title='bbox 902 3273 1045 3342; x_wconf 85' lang='lat' dir='ltr'>officium,</span> 
     </span>
     <span class='ocr_line' id='line_1_38' title="bbox 67 3355 1047 3433; baseline -0.008 -14"><span class='ocrx_word' id='word_1_307' title='bbox 67 3361 94 3419; x_wconf 92' lang='lat' dir='ltr'>si</span> <span class='ocrx_word' id='word_1_308' title='bbox 109 3360 193 3420; x_wconf 90' lang='lat' dir='ltr'>omni</span> <span class='ocrx_word' id='word_1_309' title='bbox 209 3359 289 3433; x_wconf 91' lang='lat' dir='ltr'>iure,</span> <span class='ocrx_word' id='word_1_310' title='bbox 309 3361 336 3419; x_wconf 91' lang='lat' dir='ltr'>si</span> <span class='ocrx_word' id='word_1_311' title='bbox 351 3361 432 3417; x_wconf 90' lang='lat' dir='ltr'>omni</span> <span class='ocrx_word' id='word_1_312' title='bbox 446 3362 477 3419; x_wconf 83' lang='lat' dir='ltr'>vi</span> <span class='ocrx_word' id='word_1_313' title='bbox 489 3374 565 3419; x_wconf 93' lang='lat' dir='ltr'>usus</span> <span class='ocrx_word' id='word_1_314' title='bbox 581 3366 637 3417; x_wconf 90' lang='lat' dir='ltr'>est.</span> <span class='ocrx_word' id='word_1_315' title='bbox 665 3360 731 3418; x_wconf 90' lang='lat' dir='ltr'>laus</span> <span class='ocrx_word' id='word_1_316' title='bbox 747 3356 942 3431; x_wconf 89' lang='lat' dir='ltr'>imperatoria</span> <span class='ocrx_word' id='word_1_317' title='bbox 957 3355 1047 3414; x_wconf 86' lang='lat' dir='ltr'>etiam</span> 
     </span>
     <span class='ocr_line' id='line_1_39' title="bbox 39 3435 1046 3516; baseline -0.01 -13"><span class='ocrx_word' id='word_1_318' title='bbox 39 3511 40 3514; x_wconf 8' lang='grc' dir='ltr'><strong>Ἴ</strong></span> <span class='ocrx_word' id='word_1_319' title='bbox 66 3445 148 3505; x_wconf 89' lang='lat' dir='ltr'>victo</span> <span class='ocrx_word' id='word_1_320' title='bbox 171 3444 241 3502; x_wconf 93' lang='lat' dir='ltr'>duci</span> <span class='ocrx_word' id='word_1_321' title='bbox 262 3443 414 3514; x_wconf 88' lang='lat' dir='ltr'>redditur,</span> <span class='ocrx_word' id='word_1_322' title='bbox 436 3443 463 3501; x_wconf 93' lang='lat' dir='ltr'>si</span> <span class='ocrx_word' id='word_1_323' title='bbox 487 3450 516 3501; x_wconf 89' lang='lat' dir='ltr'>et</span> <span class='ocrx_word' id='word_1_324' title='bbox 530 3443 692 3516; x_wconf 86' lang='lat' dir='ltr'>prudentia</span> <span class='ocrx_word' id='word_1_325' title='bbox 706 3449 735 3500; x_wconf 88' lang='lat' dir='ltr'>et</span> <span class='ocrx_word' id='word_1_326' title='bbox 755 3439 903 3499; x_wconf 88' lang='lat' dir='ltr'>industria</span> <span class='ocrx_word' id='word_1_327' title='bbox 918 3444 948 3496; x_wconf 91' lang='lat' dir='ltr'>et</span> <span class='ocrx_word' id='word_1_328' title='bbox 964 3435 1046 3495; x_wconf 90' lang='lat' dir='ltr'>lorti-</span> 
     </span>
     <span class='ocr_line' id='line_1_40' title="bbox 66 3515 1076 3594; baseline -0.009 -8"><span class='ocrx_word' id='word_1_329' title='bbox 66 3529 141 3588; x_wconf 90' lang='lat' dir='ltr'>tudo</span> <span class='ocrx_word' id='word_1_330' title='bbox 164 3527 341 3586; x_wconf 88' lang='lat' dir='ltr'>muneribus</span> <span class='ocrx_word' id='word_1_331' title='bbox 360 3526 425 3586; x_wconf 88' lang='lat' dir='ltr'>suis</span> <span class='ocrx_word' id='word_1_332' title='bbox 447 3527 550 3585; x_wconf 85' lang='lat' dir='ltr'>iuncta</span> <span class='ocrx_word' id='word_1_333' title='bbox 565 3535 621 3586; x_wconf 89' lang='lat' dir='ltr'>est.</span> <span class='ocrx_word' id='word_1_334' title='bbox 655 3524 761 3584; x_wconf 89' lang='lat' dir='ltr'>Omnia</span> <span class='ocrx_word' id='word_1_335' title='bbox 776 3523 861 3594; x_wconf 86' lang='lat' dir='ltr'>lecit,</span> <span class='ocrx_word' id='word_1_336' title='bbox 884 3526 917 3579; x_wconf 87' lang='lat' dir='ltr'>ut</span> <span class='ocrx_word' id='word_1_337' title='bbox 932 3515 1076 3577; x_wconf 79' lang='lat' dir='ltr'>bened-4</span> 
     </span>
    </p>
   </div>
   <div class='ocr_carea' id='block_1_3' title="bbox 0 0 1186 3840">
    <p class='ocr_par' dir='ltr' id='par_1_5' title="bbox 0 0 1186 3840">
     <span class='ocr_line' id='line_1_41' title="bbox 0 0 1186 3840; baseline 0 0"><span class='ocrx_word' id='word_1_338' title='bbox 0 0 1186 3840; x_wconf 95' lang='lat' dir='ltr'> </span> 
     </span>
    </p>
   </div>
  </div>
 </body>
</html>
