2346 3832
150 165 213 229 152
439 166 472 225 L.
491 166 637 228 ANNAEI
658 166 835 228 SENECAE

118 331 134 380 ι
209 321 328 382 XXVII.
362 320 395 381 Si
415 321 468 381 tibi
489 321 569 381 vitae
590 328 715 380 nostrae
736 335 810 378 vera
830 319 931 394 imago
955 328 1123 396 succurret,

148 403 302 466 videberis
317 403 369 465 libi
384 403 490 465 videre
505 411 612 479 captae
628 419 697 464 oum
714 404 845 463 maxime
860 404 989 464 civitatis
1004 403 1122 477 faciem,

148 488 177 547 in
194 506 255 564 qua
270 490 385 551 omisso
400 487 529 562 pudoris
543 488 680 562 rectique
694 495 839 562 respectu
849 486 932 547 vires
948 488 978 546 in
992 487 1123 549 concilio

148 581 219 633 sunt
239 575 321 632 velut
340 573 428 646 signo
450 572 490 630 ad
511 570 725 646 permiscenda
745 571 848 630 omnia
860 570 942 632 dato.
971 586 1033 631 non
1051 568 1122 645 igni,

148 672 209 715 non
225 657 305 716 ferro
320 655 502 715 abstinetur:
525 656 625 715 soluta
646 654 765 728 legibus
780 655 898 715 scelera
911 661 993 714 sunt.
1022 669 1063 714 ne
1076 669 1121 713 re·

149 741 219 813 ligio
241 740 377 814 quidem,
408 753 487 812 quae
508 739 586 796 inter
605 753 689 796 arma
709 737 833 797 hostilia
856 738 1015 813 supplices
1039 736 1122 811 texit,

118 824 241 884 nultum
261 819 500 896 inpedimentum
521 821 737 880 astruentium
757 822 787 880 in
809 822 964 895 praedam.
1006 821 1064 882 liic
1084 836 1122 880 ex

149 907 281 979 privato,
308 904 357 963 hie
377 919 416 963 ex
439 904 575 978 publico,
596 904 645 964 hie
666 920 705 963 ex
726 906 871 979 profano,
900 904 950 964 hic
971 919 1014 964 ex
1033 920 1123 965 sacro

147 987 235 1060 rapit.
265 987 313 1046 hio
329 987 474 1061 effringit,
496 986 546 1046 bie
567 987 722 1047 transsilit.
749 988 798 1048 hic
816 1004 876 1049 non
892 995 1056 1049 contentus
1071 1004 1121 1047 an·

148 1078 238 1144 gusto
260 1071 365 1131 itinere
386 1071 469 1146 ipsa,
494 1071 606 1146 quibus
628 1078 762 1144 arcetur,
784 1071 891 1131 evertit
910 1078 941 1130 et
959 1070 991 1133 in
1005 1072 1123 1132 lucrum

147 1155 235 1213 ruina
249 1155 341 1215 venit.
368 1155 499 1215 hiccine
515 1155 610 1214 caede
624 1155 802 1229 populatur,
817 1153 868 1214 hio
883 1155 985 1229 spolia
1000 1162 1123 1215 cruenta

147 1254 240 1298 manu
261 1246 368 1313 gestat.
401 1254 490 1300 nemo
513 1254 574 1298 non
596 1240 654 1298 fert
673 1238 789 1312 aliquid
809 1253 847 1297 ox
869 1239 974 1299 altero.
1010 1238 1046 1297 Iu
1066 1237 1123 1297 bac

148 1322 291 1383 aviditate
305 1322 426 1398 generis
441 1323 563 1384 humani
579 1339 597 1383 o
613 1338 672 1382 nae
685 1328 718 1382 tu
732 1319 821 1382 nimis
835 1321 976 1383 fortunae
988 1337 1125 1384 commu·

148 1407 195 1465 nis
217 1408 328 1467 oblitus
349 1423 398 1480 es,
428 1407 479 1481 qul
502 1406 624 1481 quaeris
646 1406 724 1465 inter
746 1403 904 1479 rapientes
924 1406 1122 1467 referentem!

119 1485 180 1549 3Si
208 1488 377 1564 indignaris
403 1490 538 1563 ingratos
566 1504 651 1562 esse,
678 1488 837 1562 indignare
857 1489 1052 1563 luxuriosos,
1078 1487 1122 1548 in·

149 1572 275 1646 dignare
297 1589 424 1646 avaros,
452 1572 611 1645 indignare
625 1572 808 1647 inpudicos,
833 1572 994 1647 indignare
1011 1587 1123 1647 aegros

149 1656 318 1726 deformes,
344 1671 436 1716 senes
460 1656 600 1730 pallidos.
641 1655 697 1716 Est
718 1656 797 1716 istuc
818 1653 1055 1730 graverinum,
1077 1662 1124 1716 est

149 1738 338 1800 intolerabile
353 1746 383 1800 et
395 1740 476 1814 quod
490 1739 637 1800 dissociet
648 1737 802 1809 homines,
819 1738 905 1814 quod
915 1738 1122 1811 concordiam,

150 1839 210 1896 qua
231 1821 412 1884 inbecillitas
432 1831 538 1884 nostra
552 1824 686 1894 fulcitur,
711 1822 831 1882 scindat
847 1836 883 1881 ac
897 1822 1045 1897 dissipet,
1066 1822 1124 1883 sed

148 1923 249 1982 usque
269 1923 306 1968 eo
328 1910 461 1983 volgare.
475 1914 536 1981 est,
559 1906 681 1968 utillud
701 1921 760 1966 nec
778 1906 830 1981 qui
847 1905 984 1980 queritur
999 1905 1123 1981 quidem

148 1990 297 2065 effugerit.

116 2073 132 2126 1
209 2075 341 2133 XXVlll.
376 2074 481 2148 Cogita
501 2081 620 2143 tecum,
651 2089 689 2133 an
719 2070 965 2149 quibuscumque
990 2071 1122 2133 debuisti

149 2159 276 2230 gratiam
296 2157 455 2228 retuleris,
483 2172 521 2214 an
542 2156 656 2215 nullum
676 2171 821 2232 umquam
842 2157 924 2232 apud
947 2163 979 2216 to
999 2156 1124 2231 perierit

149 2239 296 2312 officium,
319 2255 356 2298 an
373 2239 505 2298 omnium
522 2244 551 2297 te
565 2238 783 2301 beneficiorum
797 2240 943 2301 memoria
953 2240 1123 2301 comitetur.

148 2321 286 2395 Videbis,
300 2337 379 2396 quae
391 2337 487 2396 puero
499 2322 570 2381 data
580 2329 660 2397 sunt
676 2331 746 2383 ante
757 2323 994 2384 adulescentiam
1006 2325 1122 2399 elapsa,

150 2420 229 2479 quae
243 2403 273 2464 in
285 2406 426 2466 iuvenem
438 2407 557 2465 conlata
569 2413 652 2479 sunt,
668 2423 730 2467 non
742 2407 928 2482 perdurasse
937 2405 968 2465 in
981 2415 1122 2469 senecai-

148 2497 217 2549 tem.
255 2489 408 2565 Quaedam
424 2489 626 2564 perdidimus,
648 2491 799 2565 quaedam
813 2490 1014 2564 proiecimus,
1029 2504 1121 2566 quae

149 2573 218 2633 dam
234 2590 251 2634 e
266 2581 435 2650 conspeetu
450 2582 556 2634 nostro
572 2574 715 2651 paulatim
730 2574 882 2647 exierunt,
903 2590 923 2633 a
938 2573 1121 2649 quibusdam

115 2661 256 2718 foculos
276 2660 448 2719 avertimus.
485 2658 525 2719 Ut
545 2672 690 2717 excusem
709 2656 764 2717 tibi
785 2654 1012 2717 inbecillitatem
1029 2664 1120 2730 nram,

147 2739 284 2814 inprimis
303 2743 409 2816 fragile
423 2749 470 2801 est
485 2741 631 2802 memoria
646 2749 676 2802 et
688 2756 789 2800 rerum
803 2739 911 2801 turbae
924 2756 987 2803 non
998 2740 1120 2803 sufllcil.

148 2838 278 2883 necesse
298 2831 346 2884 est
366 2832 511 2900 quantum
531 2825 639 2899 recipit
659 2824 772 2885 emittat
792 2831 822 2885 et
838 2823 1053 2899 antiquissima
1073 2840 1120 2885 ro

148 2907 331 2966 certissimis
354 2908 472 2968 obruat.
512 2908 562 2969 Sic
582 2909 693 2968 factum
714 2914 775 2982 est,
798 2914 831 2968 ut
851 2905 977 2969 minima
989 2908 1074 2983 apud
1091 2914 1121 2967 to

148 2990 274 3049 nutricis
295 2998 379 3050 esset
399 2993 576 3065 auctoritas,
607 2990 679 3067 quia
702 2990 884 3052 beneficium
911 2991 978 3053 eius
999 2992 1120 3066 longius

149 3080 234 3133 aetas
250 3088 384 3147 sequens
399 3076 511 3148 posuit.
533 3077 578 3135 sio
593 3076 705 3136 factum
722 3082 784 3149 est,
802 3082 836 3135 ut
847 3077 1059 3150 praeceptoris
1069 3072 1120 3135 tibi

148 3173 210 3216 non
232 3165 316 3216 esset
334 3156 396 3216 ulla
416 3157 581 3219 veneratio.
605 3159 651 3219 sic
667 3158 782 3231 evenit,
804 3166 837 3219 ut
851 3158 932 3218 circa
947 3157 1121 3221 consularia

150 3247 300 3314 occupato
316 3242 437 3300 comitia
447 3249 499 3301 aut
509 3242 750 3304 sacerdotiorum
762 3240 924 3303 candidato
938 3252 1121 3318 quaesturae

115 3331 132 3384 3
148 3323 332 3398 suffragator
347 3324 510 3386 excideret.
546 3327 692 3387 Fortasse
706 3326 825 3397 vitium,
844 3326 883 3385 de
896 3341 959 3399 quo
971 3324 1121 3402 quereris,

147 3409 173 3468 si
200 3415 229 3467 te
254 3408 412 3483 diligenter
437 3411 633 3483 excusseris,
661 3411 691 3468 in
719 3410 788 3470 sinu
815 3407 964 3469 invenies.
1013 3410 1121 3483 iniquo

147 3493 270 3568 publico
288 3493 404 3553 crimini
419 3493 577 3566 irasceris,
598 3495 688 3553 stulte
697 3501 764 3555 tuo=
787 3499 820 3553 ut
831 3491 1019 3567 absolvaris,
1037 3493 1121 3569 igno·
