2364 3840
245 177 297 236 DE
318 177 531 238 BENEFICIIS
545 179 628 238 ·LlB.
643 181 695 240 IV.
717 189 751 242 29
762 189 852 243 —32
994 179 1036 246 79

55 331 229 404 liscumque
251 336 311 402 est,
327 329 391 394 ,sub
413 330 521 389 umbra
545 346 669 390 suorum
690 333 790 390 lateat.
819 333 859 392 Ut
879 335 947 392 loca
968 350 1034 393 sor-

57 415 131 474 dida
154 429 343 488 repercussu
367 413 442 472 solis
458 413 669 488 inlustrantur,
691 416 732 474 ita
752 416 865 475 inertes
887 417 1035 476 maiorum

58 513 183 558 suorum
199 497 267 556 luce
283 497 510 570 resplendeant.

141 579 246 641 XXXI.
273 579 432 639 Excusare
456 579 602 640 hocloco
626 581 693 654 tibi,
716 583 756 640 mi
773 582 938 654 Liberalis,
958 583 1063 644 deos]
1129 612 1133 619 -

58 666 138 724 volo.
162 662 314 723 interdum
326 663 406 721 enim
419 666 554 723 solemus
566 665 683 724 dicere:
701 666 775 740 quid
790 665 847 724 sibi
862 667 955 726 voluit
965 683 1035 740 pro-

55 746 207 822 videntia,
230 762 309 820 quae
323 746 488 806 Aridaeum
511 764 605 822 regno
627 749 784 822 inposuit?
810 750 856 807 Illi
872 757 962 825 putas
977 749 1036 810 hoc

57 832 183 892 datum?
208 831 285 904 patri
306 829 372 889 eius
399 831 502 890 datum
523 839 571 891 est
593 839 623 890 et
643 833 734 892 fratri.
765 833 864 906 Quare
881 835 911 894 C.
928 835 1070 894 Caesa-2

56 931 121 974 rem
137 913 206 974 orbi
220 922 368 975 terrarum
384 916 544 988 praefecit,
567 916 719 974 hominem
739 916 862 976 humani
879 918 1036 991 sanguinis

58 997 285 1071 avidissimum,
309 1013 401 1071 quern
422 1015 482 1058 non
505 999 591 1057 aliter
614 997 711 1057 liuere
736 1001 766 1058 in
790 1009 958 1076 conspectu
979 1018 1036 1060 suo

56 1082 198 1154 iubebat,
221 1082 359 1154 quamsi
383 1098 437 1140 ore
459 1090 644 1156 excepturus
667 1089 771 1142 esset?
799 1082 877 1155 Quid
894 1091 988 1158 ergo?
1006 1093 1038 1144 tu

56 1165 118 1225 hoc
140 1165 183 1223 illi
204 1165 307 1223 datum
329 1165 507 1224 existimas?
535 1165 613 1240 patri
635 1166 700 1223 eius
720 1166 900 1226 Germanico
924 1169 1037 1241 datum,

58 1265 118 1308 avo
141 1263 322 1322 proauoque
342 1255 372 1306 et
392 1256 460 1307 ante
483 1249 540 1308 hos
561 1250 627 1307 aliis
648 1265 709 1307 non
732 1250 832 1308 minus
849 1250 939 1307 claris
956 1251 1037 1322 viris,

58 1332 179 1393 etiamsi
202 1333 311 1405 privati
330 1347 482 1406 paresque
504 1333 570 1390 aliis
586 1332 677 1390 vitam
699 1338 874 1406 exegerunt.
905 1332 981 1405 Quid
998 1340 1071 1406 tu‚3

59 1431 130 1476 cum
150 1415 335 1473 Mamercum
357 1414 505 1474 Scaurum
527 1418 684 1476 consulem
710 1419 842 1490 laceres,
873 1415 1038 1490 ignorabas

58 1497 239 1558 ancillarum
248 1514 371 1557 suarum
383 1499 465 1558 illum
477 1507 664 1560 menstruum
677 1516 729 1559 ore
741 1500 842 1559 hiante
855 1506 1040 1573 exceptarea

58 1582 211 1656 numquid
232 1584 312 1640 enim
331 1583 399 1655 ipse
415 1583 646 1642 dissimulabat?
667 1584 815 1657 numquid
831 1601 926 1657 purus
942 1582 1040 1642 videri

58 1667 205 1727 volebat?
235 1665 376 1724 Referam
397 1665 509 1725 dictum
531 1668 595 1725 eius
616 1666 646 1725 in
670 1684 719 1738 se,
748 1668 832 1740 quod
853 1665 1040 1727 circumferri

59 1748 185 1809 memini
204 1753 233 1806 ct
247 1747 315 1822 ipso
335 1758 496 1823 praesente
511 1750 637 1808 laudari.
668 1750 796 1809 Pollioni
813 1750 914 1811 Asinio
929 1749 1039 1810 iacenti
1052 1759 1070 1811 4

61 1833 222 1894 obscoeno
240 1832 334 1891 verbo
355 1849 431 1891 usus
454 1834 573 1890 dixerat
595 1849 629 1891 se
646 1833 793 1891 iacturum
810 1834 853 1906 id,
877 1836 959 1908 quod
979 1834 1040 1907 pati

60 1915 204 1976 malebat.
234 1922 264 1975 et
279 1931 347 1974 oum
360 1915 505 1976 Pollionis
522 1917 734 1976 adtractiorem
751 1917 879 1975 vidisset
895 1917 1039 1975 frontem:

61 1998 236 2074 „Quicquid
248 1999 354 2073 inquit,
362 2000 432 2058 mali
443 2000 513 2072 dixi,
527 1998 734 2073 miliietcapiti
743 2003 841 2058 meo.“
852 2000 918 2057 Hoc
928 1999 1041 2057 dictum

62 2098 154 2144 suum
168 2083 236 2156 ipse
252 2083 401 2142 narrabat.
432 2082 592 2143 Hominem
607 2090 666 2142 tam
682 2085 783 2157 palam
799 2083 987 2142 obscoenum
1002 2081 1073 2143 ado

61 2169 167 2228 fasces
184 2173 213 2226 ct
233 2167 272 2225 ad
290 2168 420 2225 tribunal
441 2167 612 2226 admisisti?
641 2183 751 2241 nempe
768 2167 839 2225 dum
854 2173 988 2225 veterem
1008 2165 1040 2223 il-

60 2253 126 2310 lum
142 2247 290 2308 Scaurum
306 2259 429 2309 senatus
445 2250 614 2325 principem
630 2252 759 2324 cogitas,
775 2249 899 2324 indigne
915 2250 976 2308 lers
992 2265 1043 2308 so—

61 2335 166 2394 bolem
181 2334 247 2392 eius
262 2333 372 2392 iacere.

149 2415 267 2475 XXXII.
293 2417 375 2477 Deos
400 2418 563 2477 verisimile
590 2427 650 2490 est,
675 2424 708 2478 ut
734 2416 812 2475 alios
833 2416 1070 2489 indulgentiusl

63 2506 196 2562 tractent
210 2506 336 2574 propter
351 2510 493 2574 parentes
510 2518 664 2575 avosque,
681 2502 756 2559 alios
773 2507 898 2573 propter
913 2501 1043 2557 suturam

63 2591 213 2660 nepotum
233 2592 499 2658 pronepotumque
519 2601 555 2643 ac
576 2587 666 2658 longe
688 2584 880 2656 sequentium
903 2588 1042 2656 postero-

63 2684 132 2728 rum
148 2666 292 2726 indolem.
326 2675 398 2728 nota
413 2667 493 2727 enim
509 2667 568 2726 illis
585 2675 633 2727 est
655 2666 758 2742 operis
774 2667 822 2726 sui
838 2666 933 2724 series
948 2664 1042 2723 omni-

59 2767 181 2825 umque
203 2750 262 2809 illis
282 2767 383 2811 rerum
404 2768 477 2811 suas
499 2767 554 2825 per
575 2768 682 2811 manus
704 2751 849 2810 iturarum
871 2749 998 2809 seientia
1014 2749 1042 2806 in

66 2842 174 2910 aperto
191 2849 313 2909 semper
329 2843 389 2906 est,
412 2835 501 2894 nobis
523 2852 562 2894 ex
578 2836 680 2894 abdito
697 2835 778 2893 subit
793 2842 823 2893 et
838 2849 917 2908 quae
932 2849 1043 2905 repen-

65 2917 129 2979 tina
145 2925 301 2993 putamus
324 2919 381 2977 illis
404 2919 528 2993 provisa
542 2919 668 2977 veniunt
683 2935 718 2977 ao
734 2917 900 2976 familiaria.
932 2916 998 2975 Sint
1012 2915 1076 2973 hia

66 3017 171 3076 regesi,
190 3002 262 3077 quia
276 3003 408 3061 maiores
424 3018 528 3062 eorum
552 3008 636 3073 [non]
653 3003 786 3074 suerunt,
803 3003 875 3076 quia
890 3017 946 3075 pro
963 3016 1044 3058 sum-

67 3101 116 3145 mo
133 3085 261 3160 imperio
278 3085 448 3145 habuerunt
462 3085 621 3155 iustitiam,
645 3085 869 3155 abstinentiam,
894 3084 965 3158 quia
983 3100 1044 3143 non

67 3169 287 3245 rempublicam
300 3169 366 3240 sibi,
384 3170 440 3228 sed
453 3185 486 3228 se
498 3168 684 3243 reipublicae
697 3168 883 3226 dicaverunt.
905 3169 1046 3240 Regnent

68 3252 113 3325 hi,
138 3253 211 3328 quia
231 3252 277 3312 vir
296 3253 397 3313 bonus
414 3253 535 3327 quidam
552 3258 621 3310 ante
632 3268 767 3327 proavus
779 3267 884 3311 eorum
901 3251 970 3321 luit,
994 3250 1045 3323 qui

10 3368 13 3393 ς
70 3337 202 3398 animum
224 3353 318 3411 supra
334 3337 484 3397 fortunam
496 3337 605 3410 gessit,
630 3336 726 3411 quiin
743 3333 938 3394 dissensione
955 3332 1044 3405 civili,

10 3430 12 3435 '
72 3421 216 3494 quoniam
236 3421 278 3480 ita
298 3421 481 3495 expediebat
498 3421 699 3494 reipublicae,
722 3419 802 3479 vinci
818 3434 909 3493 quam
921 3417 1048 3476 vincere
