2364 3840
282 192 332 250 DE
353 191 565 252 BENEFlCllS
588 193 660 251 LlB.
676 194 740 250 Vll.
762 202 893 256 aza-26.
1016 195 1076 259 151

98 350 153 402 aut
173 341 267 401 libeat
286 349 338 402 aut
359 342 449 402 iuvet.
488 342 568 403 Satis
592 346 778 419 abundeque
799 352 846 404 est
868 345 1030 405 submissis
1047 355 1077 408 et

99 425 299 485 familiaribus
315 424 421 484 verbis
432 427 608 486 memoriam
623 443 784 487 revocare:

183 511 211 568 st
223 509 294 567 bene
307 510 382 582 quid
394 511 432 568 de
446 516 472 570 te
486 514 594 582 merul,
614 511 677 583 fuit
690 517 743 571 aut
756 512 807 571 tttt
820 515 977 586 quicquum

184 593 388 651 dulcemeum.

96 675 146 733 ille
162 675 292 733 invicem
308 674 403 733 dicat:
427 677 531 750 quidni
546 678 714 736 merueris?
735 678 863 736 eiectum
879 679 966 736 litore
982 693 1072 751 agen-

95 765 158 817 tem
173 757 332 831 excepisti.
729 753 731 756 ⁴
770 798 774 803 ·

158 840 265 900 xxvt.
300 840 381 913 „Sed
406 840 492 915 nihil,
522 843 634 916 inquit,
666 843 862 917 proficimus:
892 845 1070 912 dissimulat,
1087 849 1100 902 t

95 923 210 985 oblitus
225 931 280 984 est.
310 923 383 998 quid
400 925 500 984 facere
515 927 689 985 debeanit“
718 927 878 1000 Quaeris
902 945 976 988 rem
998 943 1069 987 ma-

94 1007 195 1066 xime
224 1007 490 1067 necessariam
518 1016 554 1068 et
581 1011 614 1067 in
645 1026 717 1084 qua
744 1009 837 1071 hanc
872 1013 1070 1072 materiam

95 1091 497 1166 consummaridecet,
522 1093 837 1166 quemadmodum
856 1095 1000 1168 ingrati
1016 1098 1070 1154 fe-

92 1174 208 1233 rendi
229 1174 314 1234 sint.
351 1173 472 1235 Placido
495 1177 610 1248 animo,
630 1183 804 1248 mansueto,
825 1192 945 1250 magno.
980 1179 1100 1237 Num-2

47 1273 51 1279 ·
94 1272 188 1332 quam
204 1263 233 1316 te
247 1264 308 1316 tarn
327 1257 509 1320 inhumanus
524 1267 555 1319 et
568 1261 714 1319 inmemor
729 1267 760 1318 et
772 1260 908 1334 ingratus
924 1260 1068 1333 offendat,

93 1349 208 1402 utnon
229 1349 328 1400 tamen
353 1342 478 1402 dedisse
500 1344 637 1404 delectet.
666 1359 830 1417 numquam
851 1345 880 1402 in
903 1343 958 1402 has
975 1359 1069 1402 voces

93 1424 204 1485 iniuria
226 1425 369 1499 inpellat:
398 1427 507 1486 vellem
533 1443 593 1487 non
621 1427 742 1486 iecisse.
780 1427 924 1486 Beneficii
950 1426 990 1486 tui
1017 1425 1069 1486 tibi

94 1509 185 1568 etiam
207 1508 366 1568 infelicitas
390 1511 517 1583 placcat.
554 1527 675 1585 semper
695 1510 777 1570 illum
797 1510 975 1585 poenitebit,
999 1511 1025 1568 si
1041 1518 1069 1569 tc

93 1606 132 1652 nc
147 1607 230 1652 nunc
245 1592 367 1666 quidem
382 1595 527 1666 poenitet.
556 1595 622 1654 Non
637 1602 685 1654 est
699 1596 784 1668 quod
796 1594 977 1668 indigneris,
994 1602 1068 1654 tam-

95 1691 187 1751 quam
210 1676 324 1750 aliquid
346 1678 417 1736 noui
439 1678 602 1737 acciderit:
630 1678 726 1751 magis
748 1680 848 1737 mirari
871 1679 1017 1751 debereS,
1041 1677 1068 1737 si

93 1775 155 1819 non
179 1759 353 1818 accidisset.
397 1761 498 1818 Alium
519 1761 624 1833 labor,
655 1762 744 1819 alium
771 1763 900 1836 inpensa
926 1763 1099 1834 deterrens

93 1842 186 1902 alium
208 1842 384 1917 periculum.
416 1844 507 1903 alium
523 1843 619 1918 turpis
634 1844 834 1916 verecundia,
857 1861 896 1902 ne
912 1846 983 1904 duni
999 1847 1066 1904 red·

72 1938 75 1943 '
93 1927 137 1986 dit
158 1927 287 1985 fateatur
307 1925 475 2001 accepisse.
499 1929 588 1986 alium
604 1927 773 2002 ignorantia
789 1926 895 1999 officii,
917 1928 1007 1986 alium
1024 1929 1067 2001 pi·
1144 1994 1148 2003 ,

92 2009 195 2084 gritia,
212 2008 302 2067 alium
314 2011 485 2084 occupatio.
517 2010 667 2084 Adspice,
684 2009 940 2083 quemadmodum
953 2010 1067 2068 inmen-

92 2109 148 2152 sae
168 2091 323 2153 hominum
346 2094 527 2168 cupiditates
548 2089 631 2154 hient
651 2109 772 2168 semper
794 2103 823 2153 et
838 2100 982 2168 poscant:
1006 2109 1066 2152 non

91 2175 253 2236 niirabcris
274 2176 315 2235 ibi
335 2178 486 2236 neminem
506 2177 649 2249 reddere,
673 2178 724 2237 ubi
742 2193 831 2236 nemo
848 2177 922 2236 satis
938 2177 1066 2251 accepit

92 2259 167 2334 Quis
189 2266 237 2318 est
257 2259 382 2320 istorum
405 2267 465 2320 tam
485 2261 590 2321 firmae
611 2259 720 2321 mentis
743 2277 779 2320 ac
799 2260 932 2334 solidae,
955 2273 988 2320 ut
1001 2266 1099 2320 tutot

91 2342 176 2418 apud
192 2357 259 2402 eum
271 2343 421 2403 beneficia
433 2345 592 2418 deponast
619 2345 705 2404 Alius
718 2343 841 2404 libidine
853 2344 972 2417 insanit,
988 2344 1066 2403 alius

90 2426 246 2485 abdomini
268 2428 375 2499 servit,
404 2428 481 2486 alius
504 2429 578 2487 lucri
604 2435 684 2488 totus
705 2435 765 2500 est,
794 2430 880 2487 cuius
908 2442 1065 2499 summam,

91 2526 152 2570 non
169 2509 233 2569 vias
250 2517 377 2584 spectat.
403 2511 480 2569 alius
495 2511 607 2570 invidia
623 2512 755 2583 laborat,
778 2512 854 2571 alius
868 2525 960 2568 caeca
971 2509 1064 2566 ambi-

90 2593 173 2652 tione
194 2590 273 2652 etin
295 2593 414 2667 gladios
435 2594 581 2654 inruente.
618 2594 716 2666 Adice
735 2601 888 2668 torporem
905 2591 1012 2649 mentis
1030 2605 1066 2648 ac

91 2676 211 2735 sanium
225 2681 256 2734 et
270 2678 421 2736 contraria
437 2677 506 2736 huic
522 2678 646 2751 inquieti
663 2677 795 2752 pectoris
812 2674 1004 2748 agitationem
1020 2681 1065 2733 tu·

89 2761 266 2833 multusque
281 2767 457 2834 perpetuos.
483 2760 569 2819 adice
585 2760 823 2820 aestimationem
838 2757 885 2817 sui
900 2755 1021 2815 nimiam
1036 2763 1066 2816 et

90 2850 240 2902 tumorem
263 2843 302 2903 ob
326 2859 405 2917 quae
427 2844 665 2903 contemnendus
688 2850 734 2902 est
760 2843 949 2902 insolentem.
987 2840 1066 2914 Quid

90 2927 313 2987 contumaciam
326 2926 356 2985 in
372 2942 519 3001 perversa
535 2926 706 2998 nitentium,
731 2926 802 3000 quid
818 2925 969 2985 levitatem
986 2940 1064 2984 sem-

90 3025 146 3083 per
161 3011 264 3084 aliquo
280 3010 514 3069 transsilientem
531 3010 661 3083 loquart
691 3009 758 3069 Huc
769 3009 897 3069 accedat
911 3008 1064 3068 temeritas
1080 3013 1097 3065 5

90 3107 242 3167 praeceps
264 3100 294 3152 et
314 3109 477 3168 numquam
500 3093 591 3152 fidele
612 3094 769 3153 consilium
786 3094 912 3153 daturus
933 3092 1021 3151 timor
1035 3096 1065 3149 et

89 3177 160 3235 mile
181 3191 302 3238 errores
324 3177 435 3251 quibus
457 3177 620 3235 volvimur:
640 3177 772 3237 ‘audacia
793 3175 1063 3247 timidissimorum,

90 3259 246 3321 discordia
267 3260 569 3320 familiarissimorum
585 3267 614 3319 et
628 3259 781 3335 publicum
796 3260 907 3318 malum
926 3257 1063 3317 incertis·

88 3344 174 3402 simis
186 3343 291 3417 fidere,
308 3345 444 3403 fastidire
457 3359 614 3418 possessa,
629 3359 709 3418 quae
722 3343 870 3416 consequi
883 3356 977 3415 posse
989 3355 1064 3414 spes

88 3441 150 3486 non
168 3426 231 3486 fuit.
266 3427 347 3487 Inter
358 3427 495 3487 adfectus
507 3426 747 3501 inquietissimos
760 3442 823 3485 rem
835 3423 1065 3499 quietissimam,

88 3509 196 3582 iidem,
220 3511 364 3584 quaeris‘t
