2364 3840
160 165 224 230 264
441 168 473 226 L.
493 168 638 227 ANNAEI
660 168 836 231 SENECAE

130 330 147 385 l
221 323 287 382 XV.
319 322 424 382 Nunc
451 319 540 380 milri
570 322 750 395 permitte
774 338 934 383 uerrere
956 325 1136 387 tabulam.

158 406 396 481 Asclepiodotus
414 414 521 465 auctor
536 411 584 465 est
597 405 751 465 demissos
767 421 858 480 quum
875 408 1024 481 plurimos
1042 409 1137 469 aPhi·

158 490 242 565 lippo
265 491 294 548 in
316 490 467 549 metallum
485 489 657 563 antiquum,
681 489 751 549 olim
767 489 959 564 destitutum,
982 499 1017 552 ut
1031 496 1136 568 explo-

157 582 253 643 raret,
277 589 357 648 quae
378 572 501 632 ubertus
524 571 591 632 eius
611 580 711 645 esset,
735 573 805 648 quis
826 580 940 646 stolus,
961 590 1002 634 un
1021 577 1137 652 aliquid

159 658 266 718 llrturis
287 656 464 731 reliquisset
484 663 573 714 velus
596 654 721 716 uvaritu.
752 656 955 717 desceedisse
977 657 1048 719 illos
1071 676 1137 720 cum

159 744 250 801 multo
273 740 384 799 lumine
404 747 434 799 et
454 740 565 799 multos
587 738 732 799 duraturo
747 740 824 798 dies.
853 740 967 801 deinde
983 744 1077 816 longa
1092 745 1137 802 viu

159 827 300 898 inligatos
321 823 438 882 vidisse
461 820 588 882 flumina
609 823 743 896 ingentia
760 830 789 882 et
806 833 974 899 conceptus
990 842 1136 901 uquarum

158 908 297 968 inertium
320 913 439 977 vastos,
463 920 554 979 pares
577 906 692 965 nostris
717 921 774 966 nec
799 923 991 983 conpressos
1015 910 1135 985 quidem

158 999 239 1050 terro
253 991 514 1064 supereminente,
537 990 593 1048 sed
608 989 721 1048 liberae
736 990 884 1062 latitatis,
907 1008 969 1052 non
985 984 1135 1053 sine'hor·

128 1080 228 1134 2rore
242 1075 338 1133 visos.
372 1073 445 1134 Cum
456 1088 567 1147 magno
578 1073 636 1131 hoc
648 1072 707 1146 legi
719 1075 886 1148 voluptate.
908 1074 1047 1136 intellexi
1058 1077 1136 1137 enirn

159 1158 295 1217 seculum
318 1166 454 1218 nostrum
470 1171 532 1215 nou
551 1155 639 1215 novis
655 1157 750 1229 viliis,
773 1157 830 1216 sed
846 1158 907 1218 ium
920 1158 994 1219 indc
1006 1159 1134 1235 antiqui-

158 1249 207 1301 tus
229 1241 345 1301 traditis
367 1242 508 1301 laborare
527 1255 583 1298 nec
598 1246 703 1298 nostre
718 1247 818 1300 aetate
833 1240 964 1315 primum
979 1244 1135 1303 avaritiam

157 1341 254 1384 venus
269 1333 414 1385 terrarum
426 1324 625 1398 lapidumque
635 1324 772 1384 rimulam
784 1324 814 1383 in
829 1325 964 1385 tenebris
976 1326 1057 1387 mole
1068 1326 1135 1386 abs-

158 1417 244 1469 trusa
266 1410 436 1483 quaesisse.
478 1408 523 1465 llli
546 1405 678 1466 maiores
704 1409 815 1477 nostri,
842 1424 922 1483 quos
944 1409 1136 1471 celebramus

158 1490 315 1563 laudibuS‚
339 1491 450 1564 quibus
466 1489 630 1550 dissimiles
647 1505 719 1550 esse
732 1507 790 1551 nos
803 1488 968 1566 querimur,
983 1508 1043 1568 spe
1055 1492 1135 1553 ducti

158 1582 278 1635 montes
300 1574 476 1633 cecideruut
495 1581 525 1632 et
546 1589 641 1647 supra
661 1574 778 1633 lucrum
798 1574 856 1633 sub
875 1573 965 1635 ruine
979 1583 1135 1637 steterunt.

130 1657 238 1717 3Ante
257 1656 430 1730 Philippum
450 1655 648 1716 Macedonem
671 1671 762 1730 reges
783 1657 883 1731 luere,
905 1657 960 1733 qui
975 1660 1135 1734 pecuniam

158 1742 188 1801 in
208 1738 363 1800 ultissimis
385 1756 484 1815 usque
504 1739 627 1800 latebris
649 1748 852 1815 sequerentur
872 1747 904 1801 et
920 1749 1009 1803 recto
1027 1744 1136 1819 spiritu

158 1825 316 1900 liberoque
335 1824 365 1883 in
387 1824 456 1885 illos
477 1839 512 1883 se
527 1823 711 1884 dimitterent
724 1839 855 1899 specus,
878 1823 908 1883 in
924 1841 1006 1900 quos
1020 1827 1134 1887 nullum

158 1911 291 1970 noctium
306 1906 486 1983 dierumque
500 1908 672 1982 perveniret
686 1905 861 1967 discrimen.
894 1910 923 1968 Α
935 1915 1023 1984 tergo
1038 1911 1134 1971 lucem

157 1994 330 2069 relinquere
346 2007 426 2066 quae
440 1994 517 2052 tenti
530 2007 603 2066 spes
616 1990 691 2051 iuitl
712 2005 791 2065 quae
803 1997 885 2051 lautu
896 1993 1070 2055 necessitas
1081 1993 1133 2052 ho·

158 2077 268 2134 minem
290 2075 328 2134 ad
351 2075 453 2133 sidero
468 2083 601 2135 erectum
615 2074 786 2135 incurvavit
800 2080 831 2134 et
846 2074 965 2135 defodit
978 2074 1011 2137 el
1023 2077 1057 2137 iu-
1071 2077 1133 2139 lun·

159 2159 230 2217 dum
244 2155 359 2216 telluris
374 2157 497 2215 intimae
510 2159 630 2229 mersit,
652 2166 685 2216 ut
696 2165 816 2217 erueret
825 2172 934 2217 eurum
945 2174 1009 2219 non
1020 2159 1134 2220 minore

128 2239 293 2316 epericulo
315 2240 524 2311 quaerendum
540 2255 629 2314 quam
653 2241 897 2313 possidendum
930 2241 1063 2318 Propter
1076 2243 1136 2303 hoe

159 2324 316 2383 cuniculos
338 2323 399 2397 egit
420 2330 450 2383 et
469 2321 551 2382 cirea
575 2324 719 2396 praedam
744 2325 920 2385 lutulentum
945 2325 1134 2401 inertemque

157 2407 289 2484 reptavit
310 2408 422 2467 oblitus
443 2406 574 2478 dierum,
597 2406 708 2467 oblitus
723 2415 850 2470 naturae
862 2407 1016 2483 melioris,
1038 2425 1133 2487 uque

158 2508 193 2552 se
215 2491 330 2552 evertit.
365 2491 424 2551 Ulli
445 2505 517 2566 ergo
538 2498 657 2551 mortuo
677 2499 759 2551 terro
777 2500 839 2551 tam
859 2492 964 2566 gravis
980 2501 1030 2555 est
1044 2509 1132 2569 quoru

158 2575 240 2650 istis,
261 2592 356 2651 supra
372 2591 451 2651 quos
465 2575 592 2635 avaritia
605 2575 714 2648 ingens
727 2583 875 2635 terrerum
887 2575 1014 2650 pondus
1024 2577 1132 2649 iniecit,

159 2660 271 2734 quibus
291 2660 415 2720 abstulit
434 2660 568 2732 coelum,
598 2674 678 2733 quos
698 2658 727 2717 in
749 2657 826 2733 imo,
853 2654 906 2718 ubi
927 2658 1005 2720 illud
1023 2662 1131 2721 melum

158 2743 241 2801 virus
259 2745 366 2817 latitet,
392 2742 522 2803 inludit?
549 2743 600 2803 illo
615 2742 805 2802 descendere
819 2741 887 2802 cusi
903 2750 990 2817 sunt,
1011 2744 1066 2805 ubi
1080 2759 1130 2805 nc

158 2841 226 2884 vam
238 2842 338 2885 rerum
352 2827 548 2901 positionem,
563 2835 709 2887 terrerum
722 2825 920 2900 pendentium
929 2825 1054 2889 habitus
1061 2843 1130 2887 veu-

157 2915 270 2983 tosque
292 2925 346 2983 per
367 2926 493 2971 caecum
513 2911 603 2970 inane
624 2909 835 2984 experirentur
849 2917 879 2970 et
894 2924 1046 2985 equarum
1061 2907 1130 2970 nulli

157 2989 315 3051 fluentium
329 2992 472 3054 horridos
484 2995 584 3055 lontes
597 3001 627 3055 et
638 2995 728 3054 altam
741 3002 985 3069 perpetuamque
996 3002 1115 3055 noctem

158 3075 269 3134 deinde
283 3090 350 3134 cunr
369 3077 427 3135 ista
442 3079 594 3152 lecerunt,
616 3077 732 3137 inferos
748 3083 894 3138 metuunt.

130 3167 145 3224 1
217 3158 296 3217 XVI.
325 3157 387 3218 Sed
407 3166 440 3219 ut
460 3160 561 3233 adid,
583 3162 699 3236 dequo
715 3160 829 3235 agitur,
852 3165 1008 3233 revertar,
1028 3165 1129 3221 vcntt

157 3249 325 3317 quatuor
347 3251 451 3316 sunt,
474 3242 505 3302 in
524 3252 638 3316 ortum,
654 3260 814 3320 occasum,
832 3243 991 3304 meridiem
1002 3250 1119 3318 septem

155 3325 348 3402 trionemque
369 3326 469 3385 divisi.
513 3326 660 3398 Ceteri,
694 3345 789 3402 quos
816 3326 939 3387 variis
966 3322 1123 3389 nomini·

157 3409 227 3471 bus
249 3410 510 3485 adpellamus‚
531 3409 591 3470 his
613 3411 873 3486 adplicantur.
967 3432 971 3437 ’
