<?xml version="1.0" encoding="UTF-8"?>
<!DOCTYPE html PUBLIC "-//W3C//DTD XHTML 1.0 Transitional//EN"
    "http://www.w3.org/TR/xhtml1/DTD/xhtml1-transitional.dtd">
<html xmlns="http://www.w3.org/1999/xhtml" xml:lang="en" lang="en">
 <head>
  <title>
</title>
<meta http-equiv="Content-Type" content="text/html;charset=utf-8" />
  <meta name='ocr-system' content='tesseract 3.04.00' />
  <meta name='ocr-capabilities' content='ocr_page ocr_carea ocr_par ocr_line ocrx_word'/>
</head>
<body>
  <div class='ocr_page' id='page_1' title='image "./lannaeisenecaeo01senegoog_0156.png"; bbox 0 0 2346 3832; ppageno 0'>
   <div class='ocr_carea' id='block_1_1' title="bbox 241 73 1049 140">
    <p class='ocr_par' dir='ltr' id='par_1_1' title="bbox 241 73 1049 140">
     <span class='ocr_line' id='line_1_1' title="bbox 241 73 1049 140; baseline 0.009 -7"><span class='ocrx_word' id='word_1_1' title='bbox 241 73 293 133; x_wconf 80' lang='lat' dir='ltr'>DE</span> <span class='ocrx_word' id='word_1_2' title='bbox 313 74 526 140; x_wconf 81' lang='lat' dir='ltr'><strong>BENEFICIIS</strong></span> <span class='ocrx_word' id='word_1_3' title='bbox 545 76 617 136; x_wconf 90' lang='lat' dir='ltr'>LIB.</span> <span class='ocrx_word' id='word_1_4' title='bbox 633 76 698 134; x_wconf 90' lang='lat' dir='ltr'>Vll.</span> <span class='ocrx_word' id='word_1_5' title='bbox 720 83 852 138; x_wconf 80' lang='lat'>10-14.</span> <span class='ocrx_word' id='word_1_6' title='bbox 988 76 1049 140; x_wconf 75' lang='lat'>143</span> 
     </span>
    </p>
   </div>
   <div class='ocr_carea' id='block_1_2' title="bbox 10 226 1172 3472">
    <p class='ocr_par' dir='ltr' id='par_1_2' title="bbox 61 226 1172 1638">
     <span class='ocr_line' id='line_1_2' title="bbox 65 226 1046 301; baseline 0.002 -14"><span class='ocrx_word' id='word_1_7' title='bbox 65 228 191 289; x_wconf 82' lang='lat' dir='ltr'><strong>dedisse</strong></span> <span class='ocrx_word' id='word_1_8' title='bbox 211 226 328 287; x_wconf 86' lang='lat' dir='ltr'>videor.</span> <span class='ocrx_word' id='word_1_9' title='bbox 362 226 518 299; x_wconf 82' lang='lat' dir='ltr'>Quaedam</span> <span class='ocrx_word' id='word_1_10' title='bbox 540 227 741 301; x_wconf 86' lang='lat' dir='ltr'>quorumdum</span> <span class='ocrx_word' id='word_1_11' title='bbox 763 227 821 286; x_wconf 92' lang='lat' dir='ltr'>sub</span> <span class='ocrx_word' id='word_1_12' title='bbox 844 234 926 287; x_wconf 89' lang='lat' dir='ltr'>certa</span> <span class='ocrx_word' id='word_1_13' title='bbox 941 228 1046 289; x_wconf 89' lang='lat' dir='ltr'>condi-</span> 
     </span>
     <span class='ocr_line' id='line_1_3' title="bbox 66 309 1046 386; baseline 0.002 -16"><span class='ocrx_word' id='word_1_14' title='bbox 66 313 151 371; x_wconf 89' lang='lat' dir='ltr'>cione</span> <span class='ocrx_word' id='word_1_15' title='bbox 167 318 255 370; x_wconf 80' lang='lat' dir='ltr'>sunt:</span> <span class='ocrx_word' id='word_1_16' title='bbox 277 309 376 370; x_wconf 88' lang='lat' dir='ltr'>babeo</span> <span class='ocrx_word' id='word_1_17' title='bbox 391 311 422 370; x_wconf 91' lang='lat' dir='ltr'>in</span> <span class='ocrx_word' id='word_1_18' title='bbox 438 310 633 384; x_wconf 72' lang='lat' dir='ltr'>equestribus</span> <span class='ocrx_word' id='word_1_19' title='bbox 649 313 766 384; x_wconf 91' lang='lat' dir='ltr'>locum,</span> <span class='ocrx_word' id='word_1_20' title='bbox 782 327 844 370; x_wconf 93' lang='lat' dir='ltr'>non</span> <span class='ocrx_word' id='word_1_21' title='bbox 859 318 892 369; x_wconf 92' lang='lat' dir='ltr'>ut</span> <span class='ocrx_word' id='word_1_22' title='bbox 905 314 1046 386; x_wconf 87' lang='lat' dir='ltr'>vendam,</span> 
     </span>
     <span class='ocr_line' id='line_1_4' title="bbox 64 393 1044 471; baseline 0.001 -18"><span class='ocrx_word' id='word_1_23' title='bbox 64 411 123 456; x_wconf 94' lang='lat' dir='ltr'>non</span> <span class='ocrx_word' id='word_1_24' title='bbox 137 403 172 456; x_wconf 89' lang='lat' dir='ltr'>ut</span> <span class='ocrx_word' id='word_1_25' title='bbox 186 397 300 468; x_wconf 90' lang='lat' dir='ltr'>locem,</span> <span class='ocrx_word' id='word_1_26' title='bbox 316 411 377 456; x_wconf 91' lang='lat' dir='ltr'>non</span> <span class='ocrx_word' id='word_1_27' title='bbox 393 401 425 453; x_wconf 88' lang='lat' dir='ltr'>ut</span> <span class='ocrx_word' id='word_1_28' title='bbox 439 394 586 465; x_wconf 88' lang='lat' dir='ltr'>habitem,</span> <span class='ocrx_word' id='word_1_29' title='bbox 603 393 632 452; x_wconf 93' lang='lat' dir='ltr'>in</span> <span class='ocrx_word' id='word_1_30' title='bbox 649 394 709 454; x_wconf 91' lang='lat' dir='ltr'>hoc</span> <span class='ocrx_word' id='word_1_31' title='bbox 724 402 839 455; x_wconf 88' lang='lat' dir='ltr'>tantum</span> <span class='ocrx_word' id='word_1_32' title='bbox 854 401 884 454; x_wconf 88' lang='lat' dir='ltr'>ut</span> <span class='ocrx_word' id='word_1_33' title='bbox 898 404 1044 471; x_wconf 83' lang='lat' dir='ltr'>spectem.</span> 
     </span>
     <span class='ocr_line' id='line_1_5' title="bbox 64 476 1172 559; baseline 0.003 -22"><span class='ocrx_word' id='word_1_34' title='bbox 64 479 223 539; x_wconf 83' lang='lat' dir='ltr'>Praeterea</span> <span class='ocrx_word' id='word_1_35' title='bbox 238 494 301 539; x_wconf 89' lang='lat' dir='ltr'>non</span> <span class='ocrx_word' id='word_1_36' title='bbox 315 479 459 550; x_wconf 89' lang='lat' dir='ltr'>mentior,</span> <span class='ocrx_word' id='word_1_37' title='bbox 475 476 502 536; x_wconf 89' lang='lat' dir='ltr'>si</span> <span class='ocrx_word' id='word_1_38' title='bbox 516 477 590 538; x_wconf 90' lang='lat' dir='ltr'>dico·</span> <span class='ocrx_word' id='word_1_39' title='bbox 604 493 653 536; x_wconf 87' lang='lat' dir='ltr'>me</span> <span class='ocrx_word' id='word_1_40' title='bbox 669 478 783 538; x_wconf 88' lang='lat' dir='ltr'>babere</span> <span class='ocrx_word' id='word_1_41' title='bbox 799 480 829 538; x_wconf 92' lang='lat' dir='ltr'>in</span> <span class='ocrx_word' id='word_1_42' title='bbox 846 479 1042 553; x_wconf 87' lang='lat' dir='ltr'>equestribus</span> <span class='ocrx_word' id='word_1_43' title='bbox 1050 495 1075 552; x_wconf 55' lang='lat'>,4</span> <span class='ocrx_word' id='word_1_44' title='bbox 1169 555 1172 559; x_wconf 76' lang='lat'>.</span> 
     </span>
     <span class='ocr_line' id='line_1_6' title="bbox 64 561 1042 638; baseline 0.004 -18"><span class='ocrx_word' id='word_1_45' title='bbox 64 564 173 623; x_wconf 90' lang='lat' dir='ltr'>locum.</span> <span class='ocrx_word' id='word_1_46' title='bbox 203 563 261 622; x_wconf 90' lang='lat' dir='ltr'>sed</span> <span class='ocrx_word' id='word_1_47' title='bbox 280 576 350 621; x_wconf 90' lang='lat' dir='ltr'>eum</span> <span class='ocrx_word' id='word_1_48' title='bbox 372 562 402 622; x_wconf 94' lang='lat' dir='ltr'>in</span> <span class='ocrx_word' id='word_1_49' title='bbox 424 561 575 621; x_wconf 76' lang='lat' dir='ltr'>theatrum</span> <span class='ocrx_word' id='word_1_50' title='bbox 597 562 681 635; x_wconf 90' lang='lat' dir='ltr'>veni,</span> <span class='ocrx_word' id='word_1_51' title='bbox 707 562 733 621; x_wconf 93' lang='lat' dir='ltr'>si</span> <span class='ocrx_word' id='word_1_52' title='bbox 757 565 847 637; x_wconf 89' lang='lat' dir='ltr'>plena</span> <span class='ocrx_word' id='word_1_53' title='bbox 864 573 935 624; x_wconf 91' lang='lat' dir='ltr'>sunt</span> <span class='ocrx_word' id='word_1_54' title='bbox 950 578 1042 638; x_wconf 90' lang='lat' dir='ltr'>eque-</span> 
     </span>
     <span class='ocr_line' id='line_1_7' title="bbox 65 644 1045 721; baseline 0.001 -15"><span class='ocrx_word' id='word_1_55' title='bbox 65 648 135 706; x_wconf 89' lang='lat' dir='ltr'>stria</span> <span class='ocrx_word' id='word_1_56' title='bbox 153 655 184 706; x_wconf 93' lang='lat' dir='ltr'>et</span> <span class='ocrx_word' id='word_1_57' title='bbox 199 646 264 705; x_wconf 90' lang='lat' dir='ltr'>iure</span> <span class='ocrx_word' id='word_1_58' title='bbox 282 644 382 705; x_wconf 83' lang='lat' dir='ltr'>habeo</span> <span class='ocrx_word' id='word_1_59' title='bbox 398 646 500 706; x_wconf 87' lang='lat' dir='ltr'>locum</span> <span class='ocrx_word' id='word_1_60' title='bbox 517 645 593 719; x_wconf 88' lang='lat' dir='ltr'>illic,</span> <span class='ocrx_word' id='word_1_61' title='bbox 610 644 683 719; x_wconf 85' lang='lat' dir='ltr'>quia</span> <span class='ocrx_word' id='word_1_62' title='bbox 698 646 809 706; x_wconf 90' lang='lat' dir='ltr'>sedere</span> <span class='ocrx_word' id='word_1_63' title='bbox 827 645 899 706; x_wconf 91' lang='lat' dir='ltr'>mihi</span> <span class='ocrx_word' id='word_1_64' title='bbox 914 648 998 721; x_wconf 89' lang='lat' dir='ltr'>licet,</span> <span class='ocrx_word' id='word_1_65' title='bbox 1015 655 1045 708; x_wconf 91' lang='lat' dir='ltr'>et</span> 
     </span>
     <span class='ocr_line' id='line_1_8' title="bbox 63 728 1042 803; baseline 0.001 -14"><span class='ocrx_word' id='word_1_66' title='bbox 63 747 121 790; x_wconf 92' lang='lat' dir='ltr'>non</span> <span class='ocrx_word' id='word_1_67' title='bbox 142 730 261 802; x_wconf 88' lang='lat' dir='ltr'>habeo,</span> <span class='ocrx_word' id='word_1_68' title='bbox 285 729 357 803; x_wconf 92' lang='lat' dir='ltr'>quia</span> <span class='ocrx_word' id='word_1_69' title='bbox 382 729 419 788; x_wconf 92' lang='lat' dir='ltr'>ab</span> <span class='ocrx_word' id='word_1_70' title='bbox 434 728 498 800; x_wconf 91' lang='lat' dir='ltr'>his,</span> <span class='ocrx_word' id='word_1_71' title='bbox 518 744 587 788; x_wconf 93' lang='lat' dir='ltr'>cum</span> <span class='ocrx_word' id='word_1_72' title='bbox 603 728 714 803; x_wconf 92' lang='lat' dir='ltr'>quibus</span> <span class='ocrx_word' id='word_1_73' title='bbox 730 731 802 789; x_wconf 93' lang='lat' dir='ltr'>mihi</span> <span class='ocrx_word' id='word_1_74' title='bbox 819 731 867 791; x_wconf 92' lang='lat' dir='ltr'>ius</span> <span class='ocrx_word' id='word_1_75' title='bbox 884 732 945 791; x_wconf 91' lang='lat' dir='ltr'>loci</span> <span class='ocrx_word' id='word_1_76' title='bbox 961 747 1042 791; x_wconf 92' lang='lat' dir='ltr'>com-</span> 
     </span>
     <span class='ocr_line' id='line_1_9' title="bbox 63 812 1042 890; baseline -0.001 -18"><span class='ocrx_word' id='word_1_77' title='bbox 63 829 151 874; x_wconf 90' lang='lat' dir='ltr'>mune</span> <span class='ocrx_word' id='word_1_78' title='bbox 171 820 235 886; x_wconf 90' lang='lat' dir='ltr'>est,</span> <span class='ocrx_word' id='word_1_79' title='bbox 256 821 426 886; x_wconf 86' lang='lat' dir='ltr'>occupatus</span> <span class='ocrx_word' id='word_1_80' title='bbox 448 819 504 872; x_wconf 88' lang='lat' dir='ltr'>est.</span> <span class='ocrx_word' id='word_1_81' title='bbox 537 812 620 871; x_wconf 87' lang='lat' dir='ltr'>ldem</span> <span class='ocrx_word' id='word_1_82' title='bbox 643 815 720 872; x_wconf 89' lang='lat' dir='ltr'>iuter</span> <span class='ocrx_word' id='word_1_83' title='bbox 737 815 854 875; x_wconf 88' lang='lat' dir='ltr'>amicos</span> <span class='ocrx_word' id='word_1_84' title='bbox 872 822 946 890; x_wconf 88' lang='lat' dir='ltr'>puta</span> <span class='ocrx_word' id='word_1_85' title='bbox 961 816 1042 876; x_wconf 80' lang='lat' dir='ltr'>fien=</span> 
     </span>
     <span class='ocr_line' id='line_1_10' title="bbox 64 896 1074 972; baseline 0.003 -15"><span class='ocrx_word' id='word_1_86' title='bbox 64 896 210 972; x_wconf 89' lang='lat' dir='ltr'>quicquid</span> <span class='ocrx_word' id='word_1_87' title='bbox 231 897 324 956; x_wconf 82' lang='lat' dir='ltr'>habet</span> <span class='ocrx_word' id='word_1_88' title='bbox 347 897 478 968; x_wconf 89' lang='lat' dir='ltr'>amicus,</span> <span class='ocrx_word' id='word_1_89' title='bbox 507 910 668 954; x_wconf 90' lang='lat' dir='ltr'>commune</span> <span class='ocrx_word' id='word_1_90' title='bbox 690 903 738 956; x_wconf 90' lang='lat' dir='ltr'>est</span> <span class='ocrx_word' id='word_1_91' title='bbox 757 899 860 968; x_wconf 85' lang='lat' dir='ltr'>nobis,</span> <span class='ocrx_word' id='word_1_92' title='bbox 884 901 941 959; x_wconf 92' lang='lat' dir='ltr'>sed</span> <span class='ocrx_word' id='word_1_93' title='bbox 961 899 1074 970; x_wconf 83' lang='lat' dir='ltr'>illius5</span> 
     </span>
     <span class='ocr_line' id='line_1_11' title="bbox 63 977 1039 1057; baseline 0 -17"><span class='ocrx_word' id='word_1_94' title='bbox 63 981 221 1057; x_wconf 88' lang='lat' dir='ltr'>proprium</span> <span class='ocrx_word' id='word_1_95' title='bbox 239 987 304 1053; x_wconf 88' lang='lat' dir='ltr'>est,</span> <span class='ocrx_word' id='word_1_96' title='bbox 321 978 375 1054; x_wconf 93' lang='lat' dir='ltr'>qui</span> <span class='ocrx_word' id='word_1_97' title='bbox 388 985 479 1039; x_wconf 88' lang='lat' dir='ltr'>tenet.</span> <span class='ocrx_word' id='word_1_98' title='bbox 503 977 547 1037; x_wconf 91' lang='lat' dir='ltr'>uti</span> <span class='ocrx_word' id='word_1_99' title='bbox 562 977 609 1037; x_wconf 91' lang='lat' dir='ltr'>his</span> <span class='ocrx_word' id='word_1_100' title='bbox 622 979 673 1037; x_wconf 86' lang='lat' dir='ltr'>illo</span> <span class='ocrx_word' id='word_1_101' title='bbox 689 980 811 1038; x_wconf 91' lang='lat' dir='ltr'>nolente</span> <span class='ocrx_word' id='word_1_102' title='bbox 824 998 885 1040; x_wconf 91' lang='lat' dir='ltr'>uon</span> <span class='ocrx_word' id='word_1_103' title='bbox 901 999 1039 1056; x_wconf 91' lang='lat' dir='ltr'>possum.</span> 
     </span>
     <span class='ocr_line' id='line_1_12' title="bbox 63 1062 1042 1138; baseline 0.003 -14"><span class='ocrx_word' id='word_1_104' title='bbox 63 1065 209 1138; x_wconf 86' lang='lat' dir='ltr'>„Derides</span> <span class='ocrx_word' id='word_1_105' title='bbox 222 1079 286 1137; x_wconf 86' lang='lat' dir='ltr'>me,</span> <span class='ocrx_word' id='word_1_106' title='bbox 303 1063 420 1138; x_wconf 86' lang='lat' dir='ltr'>inquis:</span> <span class='ocrx_word' id='word_1_107' title='bbox 438 1063 560 1136; x_wconf 92' lang='lat' dir='ltr'>siquod</span> <span class='ocrx_word' id='word_1_108' title='bbox 575 1062 664 1121; x_wconf 83' lang='lat' dir='ltr'>amici</span> <span class='ocrx_word' id='word_1_109' title='bbox 678 1068 740 1135; x_wconf 87' lang='lat' dir='ltr'>est,</span> <span class='ocrx_word' id='word_1_110' title='bbox 755 1078 854 1122; x_wconf 91' lang='lat' dir='ltr'>meum</span> <span class='ocrx_word' id='word_1_111' title='bbox 870 1073 931 1137; x_wconf 89' lang='lat' dir='ltr'>est,</span> <span class='ocrx_word' id='word_1_112' title='bbox 953 1068 1042 1126; x_wconf 85' lang='lat' dir='ltr'>liceat</span> 
     </span>
     <span class='ocr_line' id='line_1_13' title="bbox 62 1147 1040 1219; baseline -0.001 -12"><span class='ocrx_word' id='word_1_113' title='bbox 62 1148 131 1208; x_wconf 92' lang='lat' dir='ltr'>mihi</span> <span class='ocrx_word' id='word_1_114' title='bbox 153 1149 319 1207; x_wconf 88' lang='lat' dir='ltr'>venderc.“</span> <span class='ocrx_word' id='word_1_115' title='bbox 352 1147 417 1206; x_wconf 91' lang='lat' dir='ltr'>Non</span> <span class='ocrx_word' id='word_1_116' title='bbox 435 1147 518 1205; x_wconf 83' lang='lat' dir='ltr'>licet:</span> <span class='ocrx_word' id='word_1_117' title='bbox 541 1161 610 1204; x_wconf 87' lang='lat' dir='ltr'>nam</span> <span class='ocrx_word' id='word_1_118' title='bbox 629 1160 685 1203; x_wconf 88' lang='lat' dir='ltr'>nee</span> <span class='ocrx_word' id='word_1_119' title='bbox 700 1147 868 1219; x_wconf 85' lang='lat' dir='ltr'>equestria,</span> <span class='ocrx_word' id='word_1_120' title='bbox 893 1155 1040 1208; x_wconf 86' lang='lat' dir='ltr'>ettamen</span> 
     </span>
     <span class='ocr_line' id='line_1_14' title="bbox 63 1229 1072 1305; baseline -0.003 -13"><span class='ocrx_word' id='word_1_121' title='bbox 63 1229 233 1292; x_wconf 86' lang='lat' dir='ltr'>communia</span> <span class='ocrx_word' id='word_1_122' title='bbox 252 1230 306 1290; x_wconf 89' lang='lat' dir='ltr'>tibi</span> <span class='ocrx_word' id='word_1_123' title='bbox 328 1246 397 1290; x_wconf 92' lang='lat' dir='ltr'>cum</span> <span class='ocrx_word' id='word_1_124' title='bbox 417 1230 527 1290; x_wconf 89' lang='lat' dir='ltr'>ceteris</span> <span class='ocrx_word' id='word_1_125' title='bbox 548 1229 702 1303; x_wconf 89' lang='lat' dir='ltr'>equitibus</span> <span class='ocrx_word' id='word_1_126' title='bbox 727 1237 806 1289; x_wconf 90' lang='lat' dir='ltr'>sunt.</span> <span class='ocrx_word' id='word_1_127' title='bbox 841 1230 908 1290; x_wconf 88' lang='lat' dir='ltr'>Non</span> <span class='ocrx_word' id='word_1_128' title='bbox 930 1239 978 1291; x_wconf 91' lang='lat' dir='ltr'>est</span> <span class='ocrx_word' id='word_1_129' title='bbox 992 1248 1072 1305; x_wconf 71' lang='lat' dir='ltr'>arg</span> 
     </span>
     <span class='ocr_line' id='line_1_15' title="bbox 62 1312 1039 1390; baseline 0 -15"><span class='ocrx_word' id='word_1_130' title='bbox 62 1322 236 1390; x_wconf 83' lang='lat' dir='ltr'>gumentum</span> <span class='ocrx_word' id='word_1_131' title='bbox 250 1315 321 1374; x_wconf 91' lang='lat' dir='ltr'>ideo</span> <span class='ocrx_word' id='word_1_132' title='bbox 337 1312 452 1388; x_wconf 88' lang='lat' dir='ltr'>aliquid</span> <span class='ocrx_word' id='word_1_133' title='bbox 466 1321 549 1373; x_wconf 88' lang='lat' dir='ltr'>tuum</span> <span class='ocrx_word' id='word_1_134' title='bbox 564 1330 626 1372; x_wconf 92' lang='lat' dir='ltr'>non</span> <span class='ocrx_word' id='word_1_135' title='bbox 639 1329 725 1385; x_wconf 90' lang='lat' dir='ltr'>esse,</span> <span class='ocrx_word' id='word_1_136' title='bbox 742 1313 814 1387; x_wconf 85' lang='lat' dir='ltr'>quio</span> <span class='ocrx_word' id='word_1_137' title='bbox 828 1313 962 1374; x_wconf 89' lang='lat' dir='ltr'>vendere</span> <span class='ocrx_word' id='word_1_138' title='bbox 978 1331 1039 1375; x_wconf 92' lang='lat' dir='ltr'>non</span> 
     </span>
     <span class='ocr_line' id='line_1_16' title="bbox 62 1395 1039 1474; baseline 0 -15"><span class='ocrx_word' id='word_1_139' title='bbox 62 1406 164 1473; x_wconf 90' lang='lat' dir='ltr'>potes,</span> <span class='ocrx_word' id='word_1_140' title='bbox 183 1398 257 1474; x_wconf 86' lang='lat' dir='ltr'>quio</span> <span class='ocrx_word' id='word_1_141' title='bbox 274 1413 470 1471; x_wconf 85' lang='lat' dir='ltr'>consumere,</span> <span class='ocrx_word' id='word_1_142' title='bbox 488 1398 559 1472; x_wconf 86' lang='lat' dir='ltr'>quie</span> <span class='ocrx_word' id='word_1_143' title='bbox 580 1405 696 1457; x_wconf 89' lang='lat' dir='ltr'>mutare</span> <span class='ocrx_word' id='word_1_144' title='bbox 710 1395 740 1455; x_wconf 92' lang='lat' dir='ltr'>in</span> <span class='ocrx_word' id='word_1_145' title='bbox 756 1398 891 1457; x_wconf 90' lang='lat' dir='ltr'>deterius</span> <span class='ocrx_word' id='word_1_146' title='bbox 908 1405 961 1458; x_wconf 89' lang='lat' dir='ltr'>aut</span> <span class='ocrx_word' id='word_1_147' title='bbox 977 1416 1039 1460; x_wconf 70' lang='lat' dir='ltr'>me</span> 
     </span>
     <span class='ocr_line' id='line_1_17' title="bbox 61 1479 1039 1555; baseline 0 -13"><span class='ocrx_word' id='word_1_148' title='bbox 61 1484 125 1543; x_wconf 93' lang='lat' dir='ltr'>lius.</span> <span class='ocrx_word' id='word_1_149' title='bbox 160 1489 246 1542; x_wconf 91' lang='lat' dir='ltr'>tuum</span> <span class='ocrx_word' id='word_1_150' title='bbox 261 1484 340 1542; x_wconf 91' lang='lat' dir='ltr'>enim</span> <span class='ocrx_word' id='word_1_151' title='bbox 359 1489 407 1541; x_wconf 90' lang='lat' dir='ltr'>est</span> <span class='ocrx_word' id='word_1_152' title='bbox 423 1482 512 1540; x_wconf 81' lang='lat' dir='ltr'>etiam</span> <span class='ocrx_word' id='word_1_153' title='bbox 530 1481 613 1555; x_wconf 90' lang='lat' dir='ltr'>quod</span> <span class='ocrx_word' id='word_1_154' title='bbox 628 1479 684 1540; x_wconf 91' lang='lat' dir='ltr'>sub</span> <span class='ocrx_word' id='word_1_155' title='bbox 703 1481 770 1555; x_wconf 90' lang='lat' dir='ltr'>lege</span> <span class='ocrx_word' id='word_1_156' title='bbox 786 1491 868 1542; x_wconf 87' lang='lat' dir='ltr'>certa</span> <span class='ocrx_word' id='word_1_157' title='bbox 883 1489 965 1542; x_wconf 90' lang='lat' dir='ltr'>tuum</span> <span class='ocrx_word' id='word_1_158' title='bbox 983 1492 1039 1544; x_wconf 88' lang='lat' dir='ltr'>est.</span> 
     </span>
     <span class='ocr_line' id='line_1_18' title="bbox 120 1563 1038 1638; baseline 0.002 -13"><span class='ocrx_word' id='word_1_159' title='bbox 120 1566 200 1626; x_wconf 92' lang='lat' dir='ltr'>Xlll.</span> <span class='ocrx_word' id='word_1_160' title='bbox 222 1563 294 1606; x_wconf 82' lang='lat'>***</span> <span class='ocrx_word' id='word_1_161' title='bbox 314 1565 436 1638; x_wconf 90' lang='lat' dir='ltr'>accepi,</span> <span class='ocrx_word' id='word_1_162' title='bbox 462 1566 518 1625; x_wconf 88' lang='lat' dir='ltr'>sed</span> <span class='ocrx_word' id='word_1_163' title='bbox 542 1572 622 1624; x_wconf 86' lang='lat' dir='ltr'>certe</span> <span class='ocrx_word' id='word_1_164' title='bbox 642 1581 703 1624; x_wconf 94' lang='lat' dir='ltr'>non</span> <span class='ocrx_word' id='word_1_165' title='bbox 725 1566 834 1626; x_wconf 90' lang='lat' dir='ltr'>minus.</span> <span class='ocrx_word' id='word_1_166' title='bbox 864 1567 908 1626; x_wconf 89' lang='lat' dir='ltr'>Ne</span> <span class='ocrx_word' id='word_1_167' title='bbox 922 1568 1038 1628; x_wconf 85' lang='lat' dir='ltr'>traham</span> 
     </span>
    </p>

    <p class='ocr_par' dir='ltr' id='par_1_3' title="bbox 61 1647 1038 1892">
     <span class='ocr_line' id='line_1_19' title="bbox 61 1647 1038 1725; baseline 0.001 -15"><span class='ocrx_word' id='word_1_168' title='bbox 61 1651 197 1725; x_wconf 92' lang='lat' dir='ltr'>longius,</span> <span class='ocrx_word' id='word_1_169' title='bbox 222 1647 463 1708; x_wconf 81' lang='lat' dir='ltr'>beneficium</span> <span class='ocrx_word' id='word_1_170' title='bbox 483 1648 606 1706; x_wconf 84' lang='lat' dir='ltr'>maius</span> <span class='ocrx_word' id='word_1_171' title='bbox 623 1663 801 1709; x_wconf 86' lang='lat' dir='ltr'>essenon</span> <span class='ocrx_word' id='word_1_172' title='bbox 818 1658 969 1723; x_wconf 80' lang='lat' dir='ltr'>potest:</span> <span class='ocrx_word' id='word_1_173' title='bbox 992 1669 1038 1725; x_wconf 87' lang='lat' dir='ltr'>ea,</span> 
     </span>
     <span class='ocr_line' id='line_1_20' title="bbox 62 1730 1037 1808; baseline 0 -15"><span class='ocrx_word' id='word_1_174' title='bbox 62 1751 115 1808; x_wconf 91' lang='lat' dir='ltr'>per</span> <span class='ocrx_word' id='word_1_175' title='bbox 126 1750 209 1808; x_wconf 90' lang='lat' dir='ltr'>quae</span> <span class='ocrx_word' id='word_1_176' title='bbox 221 1730 403 1792; x_wconf 85' lang='lat' dir='ltr'>beneficium</span> <span class='ocrx_word' id='word_1_177' title='bbox 415 1733 521 1805; x_wconf 88' lang='lat' dir='ltr'>datur,</span> <span class='ocrx_word' id='word_1_178' title='bbox 533 1739 666 1805; x_wconf 91' lang='lat' dir='ltr'>possunt</span> <span class='ocrx_word' id='word_1_179' title='bbox 680 1746 751 1790; x_wconf 91' lang='lat' dir='ltr'>esse</span> <span class='ocrx_word' id='word_1_180' title='bbox 766 1734 882 1793; x_wconf 85' lang='lat' dir='ltr'>maiora</span> <span class='ocrx_word' id='word_1_181' title='bbox 898 1743 929 1794; x_wconf 87' lang='lat' dir='ltr'>et</span> <span class='ocrx_word' id='word_1_182' title='bbox 940 1738 1037 1808; x_wconf 91' lang='lat' dir='ltr'>plura,</span> 
     </span>
     <span class='ocr_line' id='line_1_21' title="bbox 61 1813 1036 1892; baseline -0.001 -16"><span class='ocrx_word' id='word_1_183' title='bbox 61 1818 89 1876; x_wconf 91' lang='lat' dir='ltr'>in</span> <span class='ocrx_word' id='word_1_184' title='bbox 106 1819 189 1892; x_wconf 85' lang='lat' dir='ltr'>quae</span> <span class='ocrx_word' id='word_1_185' title='bbox 212 1831 247 1876; x_wconf 93' lang='lat' dir='ltr'>se</span> <span class='ocrx_word' id='word_1_186' title='bbox 266 1817 397 1889; x_wconf 75' lang='lat' dir='ltr'>undique</span> <span class='ocrx_word' id='word_1_187' title='bbox 418 1815 630 1876; x_wconf 87' lang='lat' dir='ltr'>benevolentia</span> <span class='ocrx_word' id='word_1_188' title='bbox 651 1813 788 1873; x_wconf 83' lang='lat' dir='ltr'>effundat</span> <span class='ocrx_word' id='word_1_189' title='bbox 810 1815 899 1875; x_wconf 90' lang='lat' dir='ltr'>etsie</span> <span class='ocrx_word' id='word_1_190' title='bbox 914 1816 972 1875; x_wconf 91' lang='lat' dir='ltr'>sibi</span> <span class='ocrx_word' id='word_1_191' title='bbox 991 1819 1036 1875; x_wconf 91' lang='lat' dir='ltr'>in-</span> 
     </span>
    </p>

    <p class='ocr_par' dir='ltr' id='par_1_4' title="bbox 10 1897 1038 2003">
     <span class='ocr_line' id='line_1_22' title="bbox 10 1897 1038 2003; baseline -0.001 -44"><span class='ocrx_word' id='word_1_192' title='bbox 10 1910 12 2003; x_wconf 56' lang='lat' dir='ltr'>l</span> <span class='ocrx_word' id='word_1_193' title='bbox 62 1901 198 1975; x_wconf 81' lang='lat' dir='ltr'>dulgent,</span> <span class='ocrx_word' id='word_1_194' title='bbox 230 1899 486 1975; x_wconf 86' lang='lat' dir='ltr'>quemadmodum</span> <span class='ocrx_word' id='word_1_195' title='bbox 507 1905 642 1958; x_wconf 88' lang='lat' dir='ltr'>amantes</span> <span class='ocrx_word' id='word_1_196' title='bbox 666 1897 780 1971; x_wconf 87' lang='lat' dir='ltr'>solent,</span> <span class='ocrx_word' id='word_1_197' title='bbox 801 1915 931 1973; x_wconf 91' lang='lat' dir='ltr'>quorum</span> <span class='ocrx_word' id='word_1_198' title='bbox 950 1902 1038 1973; x_wconf 88' lang='lat' dir='ltr'>plura</span> 
     </span>
    </p>

    <p class='ocr_par' dir='ltr' id='par_1_5' title="bbox 10 1983 1036 2057">
     <span class='ocr_line' id='line_1_23' title="bbox 10 1983 1036 2057; baseline -0.004 -11"><span class='ocrx_word' id='word_1_199' title='bbox 10 2032 13 2047; x_wconf 88' lang='lat'>.</span> <span class='ocrx_word' id='word_1_200' title='bbox 62 1987 167 2044; x_wconf 86' lang='lat' dir='ltr'>oscula</span> <span class='ocrx_word' id='word_1_201' title='bbox 187 1991 220 2043; x_wconf 90' lang='lat' dir='ltr'>et</span> <span class='ocrx_word' id='word_1_202' title='bbox 239 1985 409 2057; x_wconf 82' lang='lat' dir='ltr'>conplexus</span> <span class='ocrx_word' id='word_1_203' title='bbox 435 1983 563 2044; x_wconf 89' lang='lat' dir='ltr'>artiores</span> <span class='ocrx_word' id='word_1_204' title='bbox 585 1998 647 2042; x_wconf 91' lang='lat' dir='ltr'>non</span> <span class='ocrx_word' id='word_1_205' title='bbox 669 1989 780 2056; x_wconf 91' lang='lat' dir='ltr'>augent</span> <span class='ocrx_word' id='word_1_206' title='bbox 803 1998 953 2057; x_wconf 85' lang='lat' dir='ltr'>amorem,</span> <span class='ocrx_word' id='word_1_207' title='bbox 980 1984 1036 2044; x_wconf 91' lang='lat' dir='ltr'>sed</span> 
     </span>
    </p>

    <p class='ocr_par' dir='ltr' id='par_1_6' title="bbox 10 2056 215 2149">
     <span class='ocr_line' id='line_1_24' title="bbox 10 2056 215 2149; baseline 0 -24"><span class='ocrx_word' id='word_1_208' title='bbox 10 2056 12 2149; x_wconf 71' lang='grc' dir='ltr'>ζ</span> <span class='ocrx_word' id='word_1_209' title='bbox 62 2073 215 2127; x_wconf 86' lang='lat' dir='ltr'>exercent.</span> 
     </span>
    </p>

    <p class='ocr_par' dir='ltr' id='par_1_7' title="bbox 10 2150 1066 2226">
     <span class='ocr_line' id='line_1_25' title="bbox 10 2150 1066 2226; baseline 0 -16"><span class='ocrx_word' id='word_1_210' title='bbox 10 2152 12 2199; x_wconf 84' lang='lat' dir='ltr'>t</span> <span class='ocrx_word' id='word_1_211' title='bbox 118 2151 201 2210; x_wconf 85' lang='lat' dir='ltr'>XIV.</span> <span class='ocrx_word' id='word_1_212' title='bbox 224 2152 308 2210; x_wconf 85' lang='lat' dir='ltr'>Haec</span> <span class='ocrx_word' id='word_1_213' title='bbox 330 2166 472 2225; x_wconf 87' lang='lat' dir='ltr'>quoquc,</span> <span class='ocrx_word' id='word_1_214' title='bbox 495 2166 574 2225; x_wconf 86' lang='lat' dir='ltr'>quae</span> <span class='ocrx_word' id='word_1_215' title='bbox 594 2150 690 2222; x_wconf 86' lang='lat' dir='ltr'>venit,</span> <span class='ocrx_word' id='word_1_216' title='bbox 718 2152 857 2225; x_wconf 89' lang='lat' dir='ltr'>quaestio</span> <span class='ocrx_word' id='word_1_217' title='bbox 874 2151 1066 2226; x_wconf 86' lang='lat' dir='ltr'>profligatat</span> 
     </span>
    </p>

    <p class='ocr_par' dir='ltr' id='par_1_8' title="bbox 10 2226 1064 3472">
     <span class='ocr_line' id='line_1_26' title="bbox 10 2226 1037 2310; baseline 0.003 -19"><span class='ocrx_word' id='word_1_218' title='bbox 10 2226 16 2291; x_wconf 82' lang='lat' dir='ltr'>l.</span> <span class='ocrx_word' id='word_1_219' title='bbox 61 2242 105 2295; x_wconf 91' lang='lat' dir='ltr'>est</span> <span class='ocrx_word' id='word_1_220' title='bbox 123 2236 155 2294; x_wconf 91' lang='lat' dir='ltr'>in</span> <span class='ocrx_word' id='word_1_221' title='bbox 175 2233 346 2309; x_wconf 84' lang='lat' dir='ltr'>prioribus:</span> <span class='ocrx_word' id='word_1_222' title='bbox 371 2235 474 2309; x_wconf 89' lang='lat' dir='ltr'>itaque</span> <span class='ocrx_word' id='word_1_223' title='bbox 495 2233 628 2294; x_wconf 88' lang='lat' dir='ltr'>breviter</span> <span class='ocrx_word' id='word_1_224' title='bbox 647 2236 875 2309; x_wconf 81' lang='lat' dir='ltr'>perstringetur.</span> <span class='ocrx_word' id='word_1_225' title='bbox 904 2243 1037 2310; x_wconf 91' lang='lat' dir='ltr'>possunt</span> 
     </span>
     <span class='ocr_line' id='line_1_27' title="bbox 62 2317 1035 2392; baseline -0.003 -16"><span class='ocrx_word' id='word_1_226' title='bbox 62 2317 137 2377; x_wconf 86' lang='lat' dir='ltr'>enim</span> <span class='ocrx_word' id='word_1_227' title='bbox 162 2318 195 2377; x_wconf 89' lang='lat' dir='ltr'>in</span> <span class='ocrx_word' id='word_1_228' title='bbox 218 2318 297 2377; x_wconf 86' lang='lat' dir='ltr'>hanc</span> <span class='ocrx_word' id='word_1_229' title='bbox 318 2334 397 2392; x_wconf 88' lang='lat' dir='ltr'>quae</span> <span class='ocrx_word' id='word_1_230' title='bbox 413 2318 480 2377; x_wconf 90' lang='lat' dir='ltr'>aliis</span> <span class='ocrx_word' id='word_1_231' title='bbox 502 2317 573 2378; x_wconf 86' lang='lat' dir='ltr'>data</span> <span class='ocrx_word' id='word_1_232' title='bbox 588 2327 659 2378; x_wconf 88' lang='lat' dir='ltr'>sunt</span> <span class='ocrx_word' id='word_1_233' title='bbox 675 2329 852 2392; x_wconf 88' lang='lat' dir='ltr'>argumenta</span> <span class='ocrx_word' id='word_1_234' title='bbox 869 2319 1035 2378; x_wconf 79' lang='lat' dir='ltr'>transferri.</span> 
     </span>
     <span class='ocr_line' id='line_1_28' title="bbox 62 2400 1035 2476; baseline -0.007 -14"><span class='ocrx_word' id='word_1_235' title='bbox 62 2400 290 2474; x_wconf 79' lang='lat' dir='ltr'>Quaeritur,</span> <span class='ocrx_word' id='word_1_236' title='bbox 312 2418 357 2461; x_wconf 90' lang='lat' dir='ltr'>an</span> <span class='ocrx_word' id='word_1_237' title='bbox 379 2402 444 2476; x_wconf 92' lang='lat' dir='ltr'>qui</span> <span class='ocrx_word' id='word_1_238' title='bbox 466 2402 590 2461; x_wconf 87' lang='lat' dir='ltr'>omnia</span> <span class='ocrx_word' id='word_1_239' title='bbox 611 2404 720 2473; x_wconf 89' lang='lat' dir='ltr'>lecit,</span> <span class='ocrx_word' id='word_1_240' title='bbox 743 2408 780 2467; x_wconf 84' lang='lat' dir='ltr'>ut</span> <span class='ocrx_word' id='word_1_241' title='bbox 801 2400 1035 2460; x_wconf 85' lang='lat' dir='ltr'>beneficium</span> 
     </span>
     <span class='ocr_line' id='line_1_29' title="bbox 61 2483 1064 2559; baseline -0.001 -17"><span class='ocrx_word' id='word_1_242' title='bbox 61 2486 259 2556; x_wconf 88' lang='lat' dir='ltr'>redderet,</span> <span class='ocrx_word' id='word_1_243' title='bbox 282 2485 512 2544; x_wconf 89' lang='lat' dir='ltr'>reddiderit.</span> <span class='ocrx_word' id='word_1_244' title='bbox 542 2484 606 2558; x_wconf 92' lang='lat' dir='ltr'>„Ut</span> <span class='ocrx_word' id='word_1_245' title='bbox 626 2487 723 2556; x_wconf 84' lang='lat' dir='ltr'>scius,</span> <span class='ocrx_word' id='word_1_246' title='bbox 744 2485 854 2559; x_wconf 89' lang='lat' dir='ltr'>inquit,</span> <span class='ocrx_word' id='word_1_247' title='bbox 873 2483 956 2541; x_wconf 93' lang='lat' dir='ltr'>illum</span> <span class='ocrx_word' id='word_1_248' title='bbox 973 2489 1064 2541; x_wconf 69' lang='lat' dir='ltr'>nont</span> 
     </span>
     <span class='ocr_line' id='line_1_30' title="bbox 61 2568 1035 2640; baseline -0.001 -15"><span class='ocrx_word' id='word_1_249' title='bbox 61 2568 247 2628; x_wconf 78' lang='lat' dir='ltr'>reddidisse:</span> <span class='ocrx_word' id='word_1_250' title='bbox 270 2569 370 2629; x_wconf 87' lang='lat' dir='ltr'>omnia</span> <span class='ocrx_word' id='word_1_251' title='bbox 390 2568 476 2640; x_wconf 88' lang='lat' dir='ltr'>lecit,</span> <span class='ocrx_word' id='word_1_252' title='bbox 505 2575 537 2627; x_wconf 95' lang='lat' dir='ltr'>ut</span> <span class='ocrx_word' id='word_1_253' title='bbox 557 2568 708 2627; x_wconf 89' lang='lat' dir='ltr'>redderet.</span> <span class='ocrx_word' id='word_1_254' title='bbox 740 2568 869 2640; x_wconf 85' lang='lat' dir='ltr'>adparet</span> <span class='ocrx_word' id='word_1_255' title='bbox 883 2580 956 2639; x_wconf 87' lang='lat' dir='ltr'>ergo</span> <span class='ocrx_word' id='word_1_256' title='bbox 973 2582 1035 2625; x_wconf 93' lang='lat' dir='ltr'>non</span> 
     </span>
     <span class='ocr_line' id='line_1_31' title="bbox 64 2647 1034 2727; baseline 0.001 -18"><span class='ocrx_word' id='word_1_257' title='bbox 64 2666 131 2712; x_wconf 90' lang='lat' dir='ltr'>esse</span> <span class='ocrx_word' id='word_1_258' title='bbox 149 2652 181 2711; x_wconf 95' lang='lat' dir='ltr'>id</span> <span class='ocrx_word' id='word_1_259' title='bbox 197 2651 323 2725; x_wconf 87' lang='lat' dir='ltr'>factum,</span> <span class='ocrx_word' id='word_1_260' title='bbox 341 2652 426 2711; x_wconf 91' lang='lat' dir='ltr'>cuius</span> <span class='ocrx_word' id='word_1_261' title='bbox 443 2651 573 2710; x_wconf 85' lang='lat' dir='ltr'>faciendi</span> <span class='ocrx_word' id='word_1_262' title='bbox 588 2668 648 2711; x_wconf 91' lang='lat' dir='ltr'>non</span> <span class='ocrx_word' id='word_1_263' title='bbox 661 2666 732 2710; x_wconf 91' lang='lat' dir='ltr'>csse</span> <span class='ocrx_word' id='word_1_264' title='bbox 748 2647 880 2727; x_wconf 83' lang='lat' dir='ltr'>[**out]</span> <span class='ocrx_word' id='word_1_265' title='bbox 897 2649 1034 2710; x_wconf 84' lang='lat' dir='ltr'>occasio-</span> 
     </span>
     <span class='ocr_line' id='line_1_32' title="bbox 61 2732 1035 2808; baseline 0.001 -16"><span class='ocrx_word' id='word_1_266' title='bbox 61 2751 124 2794; x_wconf 91' lang='lat' dir='ltr'>nem</span> <span class='ocrx_word' id='word_1_267' title='bbox 139 2752 204 2795; x_wconf 91' lang='lat' dir='ltr'>non</span> <span class='ocrx_word' id='word_1_268' title='bbox 216 2735 330 2796; x_wconf 85' lang='lat' dir='ltr'>habuit.</span> <span class='ocrx_word' id='word_1_269' title='bbox 351 2735 389 2793; x_wconf 87' lang='lat' dir='ltr'>Et</span> <span class='ocrx_word' id='word_1_270' title='bbox 404 2735 544 2795; x_wconf 88' lang='lat' dir='ltr'>creditori</span> <span class='ocrx_word' id='word_1_271' title='bbox 561 2752 617 2796; x_wconf 92' lang='lat' dir='ltr'>suo</span> <span class='ocrx_word' id='word_1_272' title='bbox 635 2735 795 2808; x_wconf 85' lang='lat' dir='ltr'>pecuniam</span> <span class='ocrx_word' id='word_1_273' title='bbox 811 2750 872 2793; x_wconf 90' lang='lat' dir='ltr'>uon</span> <span class='ocrx_word' id='word_1_274' title='bbox 891 2732 983 2793; x_wconf 92' lang='lat' dir='ltr'>solvit</span> <span class='ocrx_word' id='word_1_275' title='bbox 998 2735 1035 2807; x_wconf 92' lang='lat' dir='ltr'>is,</span> 
     </span>
     <span class='ocr_line' id='line_1_33' title="bbox 62 2817 1063 2893; baseline -0.001 -15"><span class='ocrx_word' id='word_1_276' title='bbox 62 2820 108 2893; x_wconf 89' lang='lat' dir='ltr'>qui</span> <span class='ocrx_word' id='word_1_277' title='bbox 123 2827 157 2879; x_wconf 91' lang='lat' dir='ltr'>ut</span> <span class='ocrx_word' id='word_1_278' title='bbox 171 2820 321 2890; x_wconf 88' lang='lat' dir='ltr'>solveret,</span> <span class='ocrx_word' id='word_1_279' title='bbox 336 2818 451 2892; x_wconf 90' lang='lat' dir='ltr'>ubique</span> <span class='ocrx_word' id='word_1_280' title='bbox 468 2818 618 2893; x_wconf 87' lang='lat' dir='ltr'>quaesivit</span> <span class='ocrx_word' id='word_1_281' title='bbox 634 2833 692 2877; x_wconf 88' lang='lat' dir='ltr'>nee</span> <span class='ocrx_word' id='word_1_282' title='bbox 707 2817 851 2877; x_wconf 89' lang='lat' dir='ltr'>invenit.“</span> <span class='ocrx_word' id='word_1_283' title='bbox 880 2818 1063 2891; x_wconf 74' lang='lat' dir='ltr'>Quaedamd</span> 
     </span>
     <span class='ocr_line' id='line_1_34' title="bbox 61 2901 1033 2976; baseline -0.004 -16"><span class='ocrx_word' id='word_1_284' title='bbox 61 2901 124 2962; x_wconf 90' lang='lat' dir='ltr'>eius</span> <span class='ocrx_word' id='word_1_285' title='bbox 150 2901 343 2962; x_wconf 88' lang='lat' dir='ltr'>condicionis</span> <span class='ocrx_word' id='word_1_286' title='bbox 370 2909 454 2972; x_wconf 90' lang='lat' dir='ltr'>sunt,</span> <span class='ocrx_word' id='word_1_287' title='bbox 481 2908 514 2960; x_wconf 92' lang='lat' dir='ltr'>ut</span> <span class='ocrx_word' id='word_1_288' title='bbox 538 2901 681 2961; x_wconf 87' lang='lat' dir='ltr'>ellectum</span> <span class='ocrx_word' id='word_1_289' title='bbox 706 2908 863 2976; x_wconf 88' lang='lat' dir='ltr'>praestare</span> <span class='ocrx_word' id='word_1_290' title='bbox 888 2902 1033 2962; x_wconf 65' lang='lat' dir='ltr'>debeone</span> 
     </span>
     <span class='ocr_line' id='line_1_35' title="bbox 61 2985 1034 3061; baseline -0.004 -15"><span class='ocrx_word' id='word_1_291' title='bbox 61 2986 252 3059; x_wconf 68' lang='lat' dir='ltr'>quibusdam⁴</span> <span class='ocrx_word' id='word_1_292' title='bbox 257 3003 313 3061; x_wconf 90' lang='lat' dir='ltr'>pro</span> <span class='ocrx_word' id='word_1_293' title='bbox 326 2986 436 3045; x_wconf 88' lang='lat' dir='ltr'>ellectu</span> <span class='ocrx_word' id='word_1_294' title='bbox 448 2993 496 3044; x_wconf 89' lang='lat' dir='ltr'>cst</span> <span class='ocrx_word' id='word_1_295' title='bbox 511 2985 612 3044; x_wconf 87' lang='lat' dir='ltr'>omnia</span> <span class='ocrx_word' id='word_1_296' title='bbox 623 2991 803 3060; x_wconf 90' lang='lat' dir='ltr'>temptasse,</span> <span class='ocrx_word' id='word_1_297' title='bbox 818 2991 851 3044; x_wconf 92' lang='lat' dir='ltr'>ut</span> <span class='ocrx_word' id='word_1_298' title='bbox 868 2986 1034 3044; x_wconf 85' lang='lat' dir='ltr'>allicerent.</span> 
     </span>
     <span class='ocr_line' id='line_1_36' title="bbox 60 3067 1034 3142; baseline -0.003 -14"><span class='ocrx_word' id='word_1_299' title='bbox 60 3067 89 3129; x_wconf 89' lang='lat' dir='ltr'>Si</span> <span class='ocrx_word' id='word_1_300' title='bbox 103 3071 210 3132; x_wconf 88' lang='lat' dir='ltr'>omnia</span> <span class='ocrx_word' id='word_1_301' title='bbox 231 3070 303 3129; x_wconf 87' lang='lat' dir='ltr'>fecit</span> <span class='ocrx_word' id='word_1_302' title='bbox 323 3076 358 3128; x_wconf 93' lang='lat' dir='ltr'>ut</span> <span class='ocrx_word' id='word_1_303' title='bbox 377 3076 513 3141; x_wconf 83' lang='lat' dir='ltr'>sanaret,</span> <span class='ocrx_word' id='word_1_304' title='bbox 535 3068 652 3142; x_wconf 81' lang='lat' dir='ltr'>peregit</span> <span class='ocrx_word' id='word_1_305' title='bbox 673 3069 810 3128; x_wconf 86' lang='lat' dir='ltr'>medicus</span> <span class='ocrx_word' id='word_1_306' title='bbox 831 3076 933 3142; x_wconf 90' lang='lat' dir='ltr'>partes</span> <span class='ocrx_word' id='word_1_307' title='bbox 950 3085 1034 3127; x_wconf 84' lang='lat' dir='ltr'>suas.</span> 
     </span>
     <span class='ocr_line' id='line_1_37' title="bbox 59 3151 1033 3226; baseline -0.004 -14"><span class='ocrx_word' id='word_1_308' title='bbox 59 3155 144 3214; x_wconf 86' lang='lat' dir='ltr'>ctiam</span> <span class='ocrx_word' id='word_1_309' title='bbox 166 3153 310 3214; x_wconf 88' lang='lat' dir='ltr'>damnato</span> <span class='ocrx_word' id='word_1_310' title='bbox 331 3168 384 3212; x_wconf 91' lang='lat' dir='ltr'>reo</span> <span class='ocrx_word' id='word_1_311' title='bbox 411 3151 524 3213; x_wconf 87' lang='lat' dir='ltr'>oratori</span> <span class='ocrx_word' id='word_1_312' title='bbox 550 3159 669 3211; x_wconf 92' lang='lat' dir='ltr'>constat</span> <span class='ocrx_word' id='word_1_313' title='bbox 682 3152 874 3226; x_wconf 89' lang='lat' dir='ltr'>eloquentiae</span> <span class='ocrx_word' id='word_1_314' title='bbox 890 3151 1033 3220; x_wconf 82' lang='lat' dir='ltr'>officium,</span> 
     </span>
     <span class='ocr_line' id='line_1_38' title="bbox 59 3232 1034 3312; baseline -0.008 -16"><span class='ocrx_word' id='word_1_315' title='bbox 59 3238 83 3296; x_wconf 89' lang='lat' dir='ltr'>si</span> <span class='ocrx_word' id='word_1_316' title='bbox 97 3239 178 3298; x_wconf 92' lang='lat' dir='ltr'>omni</span> <span class='ocrx_word' id='word_1_317' title='bbox 195 3239 277 3312; x_wconf 87' lang='lat' dir='ltr'>iure,</span> <span class='ocrx_word' id='word_1_318' title='bbox 297 3238 323 3297; x_wconf 88' lang='lat' dir='ltr'>si</span> <span class='ocrx_word' id='word_1_319' title='bbox 340 3238 420 3295; x_wconf 94' lang='lat' dir='ltr'>omni</span> <span class='ocrx_word' id='word_1_320' title='bbox 434 3240 465 3296; x_wconf 81' lang='lat' dir='ltr'>vc&#39;</span> <span class='ocrx_word' id='word_1_321' title='bbox 478 3252 553 3296; x_wconf 93' lang='lat' dir='ltr'>usus</span> <span class='ocrx_word' id='word_1_322' title='bbox 569 3242 625 3294; x_wconf 91' lang='lat' dir='ltr'>est.</span> <span class='ocrx_word' id='word_1_323' title='bbox 653 3238 719 3294; x_wconf 84' lang='lat' dir='ltr'>laus</span> <span class='ocrx_word' id='word_1_324' title='bbox 734 3234 930 3307; x_wconf 82' lang='lat' dir='ltr'>imperatoria</span> <span class='ocrx_word' id='word_1_325' title='bbox 944 3232 1034 3291; x_wconf 82' lang='lat' dir='ltr'>etiam</span> 
     </span>
     <span class='ocr_line' id='line_1_39' title="bbox 58 3312 1033 3392; baseline -0.012 -13"><span class='ocrx_word' id='word_1_326' title='bbox 58 3322 134 3384; x_wconf 89' lang='lat' dir='ltr'>victo</span> <span class='ocrx_word' id='word_1_327' title='bbox 156 3324 228 3382; x_wconf 89' lang='lat' dir='ltr'>duci</span> <span class='ocrx_word' id='word_1_328' title='bbox 249 3321 402 3392; x_wconf 88' lang='lat' dir='ltr'>redditur,</span> <span class='ocrx_word' id='word_1_329' title='bbox 425 3321 452 3379; x_wconf 89' lang='lat' dir='ltr'>si</span> <span class='ocrx_word' id='word_1_330' title='bbox 475 3326 504 3378; x_wconf 91' lang='lat' dir='ltr'>et</span> <span class='ocrx_word' id='word_1_331' title='bbox 519 3319 680 3392; x_wconf 84' lang='lat' dir='ltr'>prudentio</span> <span class='ocrx_word' id='word_1_332' title='bbox 695 3326 724 3377; x_wconf 91' lang='lat' dir='ltr'>et</span> <span class='ocrx_word' id='word_1_333' title='bbox 743 3317 892 3376; x_wconf 87' lang='lat' dir='ltr'>industrio</span> <span class='ocrx_word' id='word_1_334' title='bbox 906 3321 936 3372; x_wconf 89' lang='lat' dir='ltr'>et</span> <span class='ocrx_word' id='word_1_335' title='bbox 952 3312 1033 3371; x_wconf 86' lang='lat' dir='ltr'>lorti-</span> 
     </span>
     <span class='ocr_line' id='line_1_40' title="bbox 58 3391 1064 3472; baseline -0.011 -9"><span class='ocrx_word' id='word_1_336' title='bbox 58 3407 127 3466; x_wconf 89' lang='lat' dir='ltr'>tudo</span> <span class='ocrx_word' id='word_1_337' title='bbox 149 3405 329 3468; x_wconf 86' lang='lat' dir='ltr'>muneribus</span> <span class='ocrx_word' id='word_1_338' title='bbox 348 3404 413 3464; x_wconf 88' lang='lat' dir='ltr'>suis</span> <span class='ocrx_word' id='word_1_339' title='bbox 435 3405 538 3464; x_wconf 86' lang='lat' dir='ltr'>functa</span> <span class='ocrx_word' id='word_1_340' title='bbox 553 3411 609 3463; x_wconf 88' lang='lat' dir='ltr'>est.</span> <span class='ocrx_word' id='word_1_341' title='bbox 643 3402 749 3462; x_wconf 88' lang='lat' dir='ltr'>Omnia</span> <span class='ocrx_word' id='word_1_342' title='bbox 764 3400 849 3472; x_wconf 86' lang='lat' dir='ltr'>lecit,</span> <span class='ocrx_word' id='word_1_343' title='bbox 872 3403 904 3456; x_wconf 94' lang='lat' dir='ltr'>ut</span> <span class='ocrx_word' id='word_1_344' title='bbox 918 3391 1064 3452; x_wconf 80' lang='lat' dir='ltr'>bened-4</span> 
     </span>
    </p>
   </div>
   <div class='ocr_carea' id='block_1_3' title="bbox 0 0 1178 3832">
    <p class='ocr_par' dir='ltr' id='par_1_9' title="bbox 0 0 1178 3832">
     <span class='ocr_line' id='line_1_41' title="bbox 0 0 1178 3832; baseline 0 2"><span class='ocrx_word' id='word_1_345' title='bbox 0 0 1178 3832; x_wconf 95' lang='lat' dir='ltr'> </span> 
     </span>
    </p>
   </div>
  </div>
 </body>
</html>
