2364 3840
165 171 229 235 234
450 173 483 230 L.
506 172 651 230 ANNAEI
676 171 851 230 SENECAE

164 321 247 382 Dixit
262 323 395 396 ingentia
410 328 440 380 et
457 327 557 380 tantae
572 320 761 379 contusionis
777 316 938 393 imaginem
952 318 1050 394 cept,
1073 335 1137 380 cun

166 406 254 466 dixit:

279 491 447 563 exspatiata
461 494 553 545 ruunt
564 504 621 561 per
634 493 752 560 apertos
761 488 889 560 flumina
902 501 1024 562 campos

445 587 623 644 pressaeque
637 571 740 629 labant
752 570 805 628 sub
817 571 936 642 carpite
949 577 1058 630 turres.

164 654 326 729 Magnifice
347 654 437 722 baec,
462 653 487 710 si
509 669 568 711 tion
592 652 755 724 curaverit,
780 651 853 726 quid
874 666 950 711 oves
967 660 998 712 et
1017 653 1082 728 lupi
1097 655 1138 710 ia-

166 741 255 801 ciant.
289 738 383 796 natari
405 742 504 794 autem
526 735 556 794 in
577 735 698 794 deluvio
721 743 751 794 et
771 734 800 792 in
822 733 873 793 illa
894 736 1003 809 rapina
1020 742 1140 810 potesta

165 831 217 882 aut
238 838 298 879 non
314 821 422 878 eodem
438 819 541 891 inpetu
557 833 668 891 pecus,
692 835 752 893 quo
767 824 887 892 raptum
901 826 983 892 erat,
1006 836 1138 878 mersum

123 916 155 968 15
164 911 249 964 eratt
284 901 457 976 concepisti
471 902 632 975 imaginem
647 910 789 976 quantam
802 901 937 962 debebas
951 903 1069 963 obrutis
1081 911 1136 962 ter·

166 985 208 1046 ris
232 985 369 1046 omnibus
391 987 477 1045 coelo
498 986 567 1059 ipso
590 986 618 1043 in
640 993 750 1044 terram
770 991 890 1044 ruente=
911 987 1026 1059 perier.
1059 985 1136 1045 scies

168 1070 241 1143 quid
257 1070 376 1140 deceat,
400 1069 426 1126 si
443 1069 623 1142 cogitaveris
639 1069 742 1127 orbem
757 1075 905 1127 terrarum
919 1077 1036 1130 natare.

137 1165 149 1216 1
226 1152 358 1212 XXVIII.
387 1153 472 1212 Nunc
493 1153 531 1212 ad
553 1152 742 1226 propositum
765 1157 960 1212 revertamur.
996 1152 1073 1214 Sunt
1088 1154 1136 1228 qui

166 1237 338 1296 existimant
356 1236 514 1296 inmodicis
535 1234 681 1294 imbribus
701 1234 806 1293 vexari
828 1241 925 1294 terras
944 1251 1057 1310 posse,
1078 1253 1136 1296 non

166 1321 268 1381 obrui:
295 1335 405 1394 magno
426 1320 530 1393 inpetu
547 1334 656 1392 magna
671 1317 807 1377 ferienda
821 1324 901 1377 sunt
929 1317 1021 1378 faciet
1037 1321 1137 1392 pluvia

166 1413 287 1480 segetes
308 1405 418 1475 malas,
441 1404 568 1460 fructum
583 1402 700 1474 grando
718 1400 863 1472 decutiet,
882 1402 1088 1462 intumescent
1100 1403 1135 1460 ri-

136 1487 212 1550 nvis
224 1487 362 1546 flumina:
375 1486 431 1545 sed
444 1485 586 1544 resident.
610 1483 796 1556 Quibusdam
811 1485 911 1556 placet
920 1501 1045 1546 movere
1056 1501 1136 1545 mare

164 1579 193 1630 et
213 1570 293 1629 illinc
315 1584 437 1627 causam
457 1573 556 1626 tantae
572 1567 666 1625 cladis
682 1582 857 1626 accersere:
883 1584 944 1627 non
960 1575 1064 1643 potest
1078 1575 1138 1627 tor·

162 1652 291 1712 rentium
308 1658 358 1710 aut
369 1650 506 1709 imbrium
520 1658 570 1710 aut
581 1648 738 1709 fluminum
750 1649 858 1708 iniuria
870 1650 936 1709 fieri
949 1659 1011 1711 tam
1022 1653 1136 1726 grande

162 1735 362 1808 naufragium.
385 1735 436 1793 ubi
452 1734 542 1794 instat
556 1734 606 1792 illa
621 1733 771 1807 pernicies
786 1733 957 1807 mutarique
971 1735 1135 1795 humanum

163 1833 259 1894 genus
276 1818 400 1891 placuit,
417 1818 512 1878 liuere
527 1817 675 1877 adsiduos
687 1817 799 1875 imbres
811 1824 841 1875 et
854 1832 914 1876 non
929 1833 1001 1877 esse
1013 1819 1134 1878 modum

163 1902 274 1977 pluviis
295 1902 514 1961 concesserim:
537 1898 716 1974 suppressis
734 1898 928 1972 aquilonibus
944 1907 975 1960 et
988 1901 1064 1961 flatu
1079 1901 1136 1961 sic-

164 1988 245 2045 ciore
260 1986 372 2044 austris
388 1985 485 2045 nubes
501 1992 530 2044 et
544 1984 657 2043 imbres
674 1989 703 2041 et
718 1997 823 2041 amnes
839 1982 1007 2043 abundare.

245 2069 307 2128 Sed
319 2069 419 2128 adbuc
436 2071 467 2126 in
481 2069 592 2126 damna
603 2067 771 2140 profectum
784 2072 842 2125 est:

246 2157 416 2209 sternuntur
428 2157 537 2224 segetes
546 2156 579 2209 et
591 2152 744 2223 deplorata
760 2151 869 2208 colonis

245 2240 310 2292 oola
324 2236 422 2292 taceat
433 2235 569 2305 longique
578 2235 662 2306 perit
673 2233 757 2291 labor
771 2235 877 2291 inritus
890 2235 974 2291 anai.

134 2317 227 2380 3Nou
249 2314 328 2373 laedi
348 2322 446 2373 terrae
470 2315 595 2386 debent,
624 2315 680 2373 scd
701 2314 859 2373 abscondi.
904 2313 1046 2388 Denique
1069 2332 1131 2376 cum

163 2415 218 2474 per
231 2399 290 2458 ista
306 2399 462 2472 prolusum
475 2405 536 2471 est,
551 2404 694 2458 crescunt
705 2397 813 2470 marla,
828 2398 883 2456 sed
896 2414 993 2472 super
1005 2398 1130 2470 solitum,

162 2490 192 2542 et
206 2481 330 2542 fluctum
346 2485 423 2542 ultra
437 2488 604 2541 extremum
615 2481 803 2554 tempestatis
814 2481 965 2540 maximae
976 2482 1130 2557 vestigium

161 2565 286 2627 mittunt.
311 2566 421 2625 deinde
439 2582 457 2624 a
472 2573 557 2639 tergo
573 2565 669 2623 ventis
685 2563 879 2637 surgentibus
894 2565 1003 2638 ingens
1019 2581 1132 2640 aequor

161 2652 318 2721 evolvunt,
342 2649 426 2723 quod
447 2651 537 2723 longe
558 2665 576 2707 a
591 2654 759 2720 conspectu
774 2644 926 2706 interioris
941 2648 1040 2708 litoris
1056 2650 1129 2708 iran-

161 2734 249 2807 gitur.
272 2733 382 2791 deinde
397 2731 449 2791 ubi
462 2732 531 2791 litus
547 2729 594 2790 bis
610 2732 658 2790 vel
674 2737 720 2788 ter
733 2731 884 2804 prolatum
900 2738 947 2791 est
962 2738 993 2790 et
1006 2733 1129 2806 pelagus

161 2817 190 2872 in
207 2816 306 2874 alieno
323 2815 470 2886 constitit,
492 2816 575 2873 velut
590 2814 711 2873 admoto
729 2815 808 2872 malo
824 2812 963 2874 cominus
985 2815 1131 2889 procurrit

131 2904 264 2957 iaestus
276 2913 315 2956 ex
327 2892 525 2957 imo'recessu
536 2898 637 2956 maris.
657 2913 727 2955 nam
738 2896 872 2970 ataenis,
886 2904 921 2957 ut
930 2897 1074 2972 aetheris
1090 2898 1129 2958 sic

160 2980 395 3039 huiuselementi
407 2983 491 3054 larga
500 2981 679 3041 materiaest
687 2981 844 3055 multoque
852 2981 882 3038 in
891 2980 995 3042 abdito
1005 2981 1129 3056 plenior.

159 3061 236 3121 haec
257 3063 324 3121 talis
346 3070 441 3134 mota,
468 3080 528 3122 non
550 3072 638 3124 aestu
653 3071 735 3138 (nam
751 3071 853 3124 aestus
869 3064 922 3123 lati
935 3065 1129 3125 ministerium

160 3149 219 3216 est)
240 3145 356 3205 adtollit
372 3154 460 3206 vasto
476 3145 543 3206 sinu
560 3148 667 3207 fretum
684 3148 806 3221 agitque
821 3154 890 3207 ante
904 3162 950 3206 se.
979 3148 1089 3208 deinde
1101 3148 1128 3206 in

158 3228 264 3286 miram
279 3229 465 3289 altitudinem
480 3229 605 3305 erigitur
619 3238 648 3289 et
662 3230 721 3289 illis
738 3230 809 3290 tutis
825 3228 982 3291 hominum
996 3235 1128 3306 recepta·

159 3310 236 3370 culis
252 3319 403 3385 superest.
425 3329 483 3373 nec
497 3313 528 3372 id
544 3312 633 3389 aquis
649 3313 778 3373 arduum
793 3321 854 3386 est,
876 3315 1021 3388 quoniam
1033 3328 1127 3389 aequo

128 3393 246 3454 aleriis
263 3396 382 3470 fastigio
395 3395 572 3456 adscendet.
608 3395 639 3456 Si
653 3397 721 3470 quis
733 3399 858 3457 excelsa
870 3397 1024 3472 perlibret,
1040 3397 1126 3456 maria
