2364 3840
405 352 448 469 ι.Ι
464 348 604 473 nuru
631 346 803 432 nuncu

455 503 507 552 ΑΙ)
537 499 753 552 LUGlLlUM

113 620 558 721 Nllnnlllbll
602 618 1090 724 abluslttlnbll

496 791 631 853 linuit
657 791 706 853 vl.

87 1109 101 1158 1
176 1092 198 1149 Ι.
226 1090 404 1166 PompeioS,
428 1091 579 1151 celebrem
601 1091 784 1165 campaniae
805 1076 928 1165 urbem,
951 1091 983 1151 in
1002 1109 1090 1169 quam

115 1176 154 1236 ab
167 1178 261 1235 altera
273 1184 359 1250 parte
371 1174 581 1235 Surrentinum
593 1174 834 1250 Stabianumque
844 1175 932 1247 iiiuc,
948 1176 987 1235 ab
998 1178 1091 1238 altera

114 1259 344 1320 Herculanense
370 1258 555 1319 conveniunt
576 1266 607 1318 et
630 1273 713 1318 mare
739 1275 778 1319 ex
802 1265 909 1334 aperto
932 1261 1091 1321 reductum

116 1360 245 1405 amoeno
267 1342 337 1404 sinu
359 1345 504 1417 cingunt,
534 1343 716 1402 consedisse
740 1350 840 1403 terrae
864 1349 951 1403 motu
975 1344 1091 1403 vexatis

116 1443 329 1502 quaecumque
344 1427 525 1486 adiacebant
540 1424 731 1500 regionibus,
751 1426 848 1486 Lucili
864 1426 1001 1487 virorum
1016 1427 1091 1502 opti-

114 1527 177 1584 me,
201 1511 388 1581 audivimus,
412 1516 443 1569 et
457 1510 580 1585 quidem
594 1509 730 1569 hibernis
745 1509 869 1584 diebus
885 1526 966 1585 quos
982 1526 1093 1571 vacare

87 1600 133 1654 aa
148 1594 199 1653 tali
215 1595 351 1668 periculo
367 1594 498 1659 maiores
514 1594 609 1653 nostri
624 1593 764 1653 solebant
779 1594 964 1667 promittere.
997 1593 1093 1655 Nonis

114 1676 287 1737 Februariis
308 1676 358 1735 hic
372 1677 428 1735 luit
442 1684 543 1737 motus
558 1677 676 1751 Regulo
692 1684 722 1736 et
735 1676 882 1751 Verginio
897 1676 1092 1748 Consulibus

116 1762 167 1836 qui
181 1761 373 1836 Campaniam
386 1777 551 1835 numquam
563 1776 702 1820 securam
713 1760 804 1819 huius
816 1760 901 1833 mali,
919 1760 1093 1821 indemnem

114 1854 214 1904 tamen
230 1852 260 1904 et
274 1844 385 1905 totiens
401 1845 574 1905 defunctam
589 1851 686 1915 metu,
707 1859 818 1918 magna
832 1852 935 1919 strage
946 1845 1093 1906 vastavit:

114 1946 184 1988 nam
207 1937 236 1988 et
257 1929 495 1989 Herculanensis
521 1928 627 2004 oppidi
653 1943 725 2002 pars
750 1928 810 1987 ruit
833 1927 990 2005 dubieque
1014 1935 1095 1988 stant

115 2014 204 2072 etiam
220 2029 301 2089 quae
316 2012 422 2072 relicta
436 2020 521 2086 sunt,
543 2019 573 2071 et
590 2011 811 2072 Nucerinorum
833 2012 955 2073 colonia
975 2019 1010 2072 ut
1025 2010 1094 2071 sine

114 2097 216 2168 clade,
237 2097 278 2155 ita
298 2111 359 2155 non
376 2096 443 2155 sine
460 2096 584 2171 querela
598 2101 652 2154 est.
688 2095 833 2169 Neapolis
848 2095 974 2171 quidem
993 2094 1093 2171 priva·

114 2181 166 2238 tim
186 2181 291 2250 multa,
315 2179 437 2252 publice
461 2177 534 2237 nibil
555 2179 654 2237 amisit
674 2178 780 2238 leniter
797 2179 912 2253 ingenti
927 2180 1009 2239 malo
1024 2195 1093 2255 per-

114 2261 227 2321 stricta.
261 2261 349 2320 villae
369 2277 443 2320 vero
470 2268 653 2336 praeruptae
678 2262 795 2337 passim
816 2263 882 2322 sine
903 2264 1015 2323 iniuria
1034 2271 1094 2323 tre·

84 2354 225 2407 bmuere.
262 2343 444 2405 Adiciuntur
464 2346 512 2406 his
534 2345 598 2405 illa:
622 2353 836 2406 sexcentarum
849 2345 957 2411 ovium,
969 2362 1094 2422 gregem

114 2431 318 2490 exanimatum
339 2437 369 2489 et
390 2429 505 2491 divisas
530 2436 660 2500 statuaS,
688 2437 789 2490 motae
809 2438 881 2505 post
902 2430 963 2491 hoc
983 2430 1094 2491 mentis

114 2515 235 2589 aliquos
254 2522 347 2589 atque
368 2514 541 2589 inpotentes
563 2512 612 2573 sui
633 2528 770 2579 errasse„
788 2530 919 2589 quorum
933 2523 968 2575 ut
982 2529 1094 2574 causas

114 2600 319 2670 excutiamus,
349 2603 379 2656 et
400 2597 549 2673 propositi
572 2597 675 2672 operis
692 2605 855 2658 contextus
869 2597 965 2672 exigit
980 2597 1094 2673 etipse

83 2682 143 2741 tin
168 2682 227 2742 boc
252 2689 374 2756 tempus
400 2697 575 2756 congruens
600 2696 704 2741 casus.
748 2681 976 2755 Quaerenda
1004 2687 1094 2742 sunt

113 2766 284 2839 trepidis
317 2767 461 2826 solatia
491 2772 528 2824 et
559 2764 769 2825 domandus
801 2765 938 2839 ingens
969 2765 1092 2827 timor.

114 2849 189 2924 quid
204 2850 283 2907 enim
299 2851 440 2923 cuiquam
458 2848 532 2909 satis
549 2854 643 2908 tutum
659 2848 756 2907 videri
777 2855 895 2922 potest,
918 2847 1092 2908 simundus

113 2933 183 3008 ipse
195 2933 365 2992 concutitur
377 2941 406 2992 et
416 2942 520 3008 partes
532 2933 598 2991 eius
611 2931 816 2992 solidissimae
827 2932 952 2991 labant?
973 2931 1092 3006 siquod

113 3033 208 3076 unum
229 3016 373 3075 inmobile
395 3023 443 3075 cst
463 3015 493 3074 in
514 3015 566 3091 illp
585 3016 754 3090 fixumque,
777 3023 811 3076 nt
826 3023 936 3075 cuncta
951 3014 982 3075 in
997 3031 1034 3075 se
1048 3014 1077 3073 in

113 3107 196 3160 tenta
217 3098 381 3171 sustineat,
404 3099 544 3170 ilnctuat,
565 3100 693 3174 siquod
714 3100 871 3174 proprium
892 3098 986 3160 habet
1003 3105 1090 3168 terra,

115 3183 261 3259 perdidit,
283 3191 378 3242 stare:
400 3182 453 3243 ubi
468 3183 589 3242 tandem
605 3183 744 3244 resident
758 3191 856 3243 metus
871 3181 989 3243 nostrin
1009 3180 1090 3256 quod

115 3284 247 3343 corpora
266 3269 493 3341 receptaculum
515 3267 694 3329 invenient?
724 3283 785 3340 quo
808 3266 967 3326 titubantia
987 3265 1088 3325 coniu-

84 3354 209 3428 egient,
226 3350 253 3413 si
268 3352 306 3412 ab
322 3353 382 3412 imo
398 3361 496 3412 metus
508 3351 643 3410 nascitur
654 3358 684 3412 et
696 3351 830 3410 funditus
843 3349 993 3410 trahitant
1014 3347 1087 3409 Con*
