2346 3832
159 164 220 227 146
284 175 290 182 '
434 162 467 220 L.
491 161 637 220 ANNAEI
658 160 831 220 SENECAE

159 319 211 392 qui
234 317 417 376 voluntatem
438 314 549 374 bonam
571 313 599 370 in
622 314 753 374 solutum
775 314 907 388 aceepit,
937 330 973 374 eo
998 316 1140 378 libentius

159 402 269 473 debes,
291 401 363 475 quia
383 397 550 460 dimitteris.
574 412 634 456 non
653 396 756 471 rapias
776 397 835 456 boc
848 412 912 465 ‚nec
931 398 1065 460 testerIs.
1091 418 1139 461 oc·

125 486 299 543 suasiones
317 482 465 541 reddendi
484 479 677 540 nihilominus
695 496 836 554 quaeras.
871 481 981 541 Redde
995 483 1053 554 itti,
1070 486 1139 559 quia

155 568 280 642 repetit,
300 567 386 635 huic,
411 566 482 639 quia
505 565 634 622 remittit.
657 564 712 634 ilii,
739 563 933 638 quietantiis,
955 566 1046 639 huie,
1069 567 1139 642 quia

154 670 212 712 aon
233 655 337 710 mutus.
365 648 501 720 ideoque
517 664 576 706 non
596 655 656 720 est,
679 647 762 722 quod
784 647 822 706 ad
846 654 874 707 te
887 647 967 707 banc
984 649 1140 724 quaestio-

156 752 224 794 nem
246 734 363 792 iudices
385 730 537 804 pertinere
559 748 618 803 an,
641 731 743 804 quod
766 730 999 790 beneficium
1018 735 1137 807 quisa

154 813 1135 890 sapienteacceperit,redderedebeat,siiilede-

154 900 220 959 siit
242 895 754 970 essesapiensetinmalum
773 907 1000 959 versusest.
1028 901 1135 959 redde-

152 998 202 1040 res
219 983 297 1039 enim
314 988 344 1039 et
359 981 541 1054 depositum,
560 983 641 1055 quod
654 998 672 1038 a
684 981 822 1054 sapiente
834 981 1024 1055 accepisses.
1048 984 1136 1042 etiam

152 1066 231 1124 maio
246 1065 394 1124 redderes
411 1064 570 1123 creditum:
593 1065 666 1140 quid
682 1072 729 1122 est
743 1080 797 1122 cur
813 1080 872 1124 non
888 1070 919 1122 et
933 1064 1136 1126 beneficium?

121 1150 225 1224 aquia
240 1156 369 1208 mutatus
391 1158 438 1208 est
458 1147 521 1219 iile,
544 1155 573 1205 te
595 1154 707 1206 mutat?
745 1145 843 1219 Quina
873 1147 900 1206 si
923 1149 1000 1222 quid
1022 1167 1041 1208 a
1061 1167 1134 1210 sano

153 1233 345 1307 accepisseS,
369 1248 460 1305 aegro
484 1248 544 1290 non
559 1232 722 1303 redderes,
744 1245 812 1288 cum
830 1231 897 1304 pius
913 1247 1040 1307 semper
1054 1233 1134 1293 inbe-

153 1317 221 1376 cillo
234 1318 331 1376 antico
348 1315 535 1374 debeamus?
557 1323 586 1373 et
600 1315 648 1373 hio
663 1328 754 1387 aeger
769 1320 816 1372 est
827 1313 943 1373 animo:
965 1317 1131 1389 adiuvetur,

153 1403 274 1460 seratur.
298 1398 421 1458 stultitia
435 1399 558 1456 morbus
575 1406 621 1458 est
636 1397 735 1456 animi.

123 1491 136 1540 1
217 1483 308 1542 XVII.
325 1481 578 1552 Distinguendum
590 1482 657 1554 hoc,
675 1497 735 1554 quo
745 1479 841 1553 magis
854 1480 1056 1558 intellegatur,
1073 1484 1134 1542 exi-

154 1568 252 1624 stimo.
280 1567 347 1623 Duo
368 1569 438 1622 sunt
453 1564 616 1622 beneficia:
638 1581 730 1623 unum
748 1564 831 1637 quod
846 1563 919 1623 dare
935 1567 994 1625 nisi
1010 1569 1132 1642 sapiens

153 1647 284 1721 sapienti
306 1664 367 1704 non
388 1653 499 1719 potest.
528 1647 587 1707 hoc
604 1654 651 1706 est
669 1647 840 1706 absolutum
856 1655 886 1706 et
900 1665 1006 1708 verum
1023 1650 1132 1710 beneti-

152 1731 240 1789 eium.
272 1731 398 1789 aiterum
416 1733 553 1805 volgare,
572 1731 737 1804 plebeium,
755 1728 841 1789 cuius
856 1732 934 1790 inter
949 1749 1008 1792 nos
1024 1732 1132 1809 inperi-

119 1821 199 1875 2tos
222 1815 435 1873 commercium
457 1823 511 1874 est.
546 1815 590 1873 De
613 1814 672 1873 hoc
694 1830 754 1873 non
770 1821 817 1873 est
832 1813 972 1890 dubium,
998 1819 1070 1892 quin
1085 1816 1132 1891 ilii,

153 1900 389 1973 qualiscumque,
407 1905 453 1956 est
465 1898 592 1958 debeam
605 1897 748 1970 reddere,
764 1896 829 1956 sive
842 1897 996 1959 homicida
1009 1902 1132 1962 sive'iur

152 1985 217 2043 sive
239 1984 355 2042 adulter
377 1983 483 2042 evasit.
516 1983 635 2041 Habent
659 1982 777 2039 scelera
797 1983 882 2056 leges
906 1998 999 2042 suas:
1026 1985 1130 2044 metius

152 2067 229 2127 istos
255 2067 347 2125 iudex
374 2082 464 2137 quam
490 2065 626 2138 ingratus
652 2064 801 2124 emendat.
840 2081 930 2125 nemo
958 2075 987 2126 te
1013 2070 1130 2143 maium,

152 2149 204 2221 qui
220 2156 281 2218 est,
298 2149 396 2206 saciat.
424 2148 504 2206 Malo
523 2148 701 2207 beneficium
718 2148 877 2221 proiciam,
896 2147 980 2211 bono
996 2152 1130 2227 reddam,

151 2231 221 2288 huie
237 2232 306 2301 qnia
323 2229 437 2301 debeo,
459 2230 500 2287 ilii
518 2247 556 2288 ne
573 2232 710 2291 debeam.

123 2323 136 2372 1
211 2313 316 2371 xvttt.
341 2314 384 2372 De
406 2314 499 2372 altero
522 2314 661 2374 beneficii
682 2330 793 2388 genere
808 2315 975 2392 dubitatur,
1000 2320 1130 2393 quodsi

149 2396 289 2472 accipere
306 2413 364 2456 non
382 2397 466 2471 potui
484 2397 542 2456 nisi
557 2399 695 2473 sapiens,
718 2415 773 2457 nee
787 2398 916 2458 reddere
934 2400 1059 2475 quidem
1074 2402 1129 2461 nisi

150 2483 278 2557 sapienti
297 2498 432 2557 possum.
463 2487 534 2556 puta
549 2483 627 2540 enim
642 2497 690 2539 me
704 2482 847 2540 reddere:
873 2483 923 2542 ille
945 2501 1006 2545 non
1029 2492 1130 2561 potest

148 2569 294 2641 recipere.
331 2583 392 2627 non
412 2572 459 2626 est
479 2566 537 2624 iam
552 2565 642 2623 huius
658 2566 701 2624 rei
717 2581 824 2639 capax.
854 2566 1013 2627 scientiam
1029 2570 1129 2630 utendi

149 2652 288 2723 perdidit.
323 2651 400 2724 Quid
418 2651 443 2709 si
465 2665 513 2708 me
525 2648 675 2709 remittere
692 2664 800 2708 manco
817 2649 907 2723 pilam
923 2650 1034 2712 tubesr
1058 2653 1127 2714 stui-

120 2737 210 2790 2tum
226 2741 273 2792 est
288 2735 361 2793 dare
377 2734 474 2806 alicui,
491 2734 573 2807 quod
590 2733 730 2807 accipere
743 2749 801 2792 non
820 2734 926 2807 possit.
949 2735 989 2796 Ut
1002 2752 1126 2813 respon·

149 2813 221 2872 dere
243 2816 280 2872 ab
306 2817 408 2875 ultimo
429 2817 585 2891 incipiam:
620 2832 679 2875 non
701 2816 781 2876 dabo
802 2817 858 2890 1111,
882 2819 966 2893 quod
989 2822 1126 2897 accipere

150 2912 209 2954 non
228 2900 347 2968 poterit.
376 2901 517 2973 reddam,
540 2900 656 2959 etiamsi
677 2901 815 2973 recipere
830 2916 889 2959 non
906 2903 1029 2976 poterit.
1055 2904 1125 2965 obii-

147 2995 220 3052 gare
236 2981 315 3037 enirn
330 2998 389 3039 non
407 2999 534 3055 possum
551 2983 608 3042 nisi
624 2983 836 3058 accipientem:
865 2983 989 3045 liberari
1005 2981 1124 3060 tan'tum,

148 3063 174 3121 si
190 3063 323 3134 reddidi,
341 3079 479 3136 possum.
512 3067 565 3126 itte
579 3067 620 3126 uti
636 3068 686 3126 itio
702 3084 761 3126 non
777 3067 910 3142 proterit?
930 3069 1051 3132 viderit.
1074 3086 1123 3147 pe·

148 3163 202 3206 nes
215 3148 296 3206 ilium
311 3148 367 3207 erit
381 3150 485 3221 eulpa,
501 3168 560 3210 non
577 3167 673 3224 penes
688 3166 746 3210 me.
783 3206 785 3210 .

123 3242 134 3291 t
207 3232 283 3293 XiX.
308 3231 468 3305 „Reddere
482 3240 537 3305 est,
554 3234 659 3308 inquit,
675 3242 837 3308 accepturo
852 3234 1027 3298 tradidisse.
1052 3236 1119 3313 quid

147 3318 240 3388 enim,
267 3316 292 3374 si
314 3315 362 3373 cui
386 3314 485 3373 vinum
507 3315 621 3375 debeas
643 3325 673 3375 et
693 3318 751 3376 hoo
768 3317 817 3380 ilie
833 3326 861 3378 te
877 3317 1042 3381 infundere
1056 3321 1121 3381 reti-

148 3404 215 3462 culo
238 3400 338 3460 iubeat
360 3403 411 3457 aut
432 3397 545 3456 cribro:
574 3399 747 3458 reddidisse
768 3408 796 3459 te
817 3403 902 3462 dices
926 3411 979 3465 aut
993 3406 1117 3466 reddere

117 3490 247 3564 troica,
266 3484 363 3562 quod,
380 3483 449 3543 dum
463 3480 606 3552 redditur,
623 3480 699 3539 inter
712 3482 789 3541 duos
803 3491 954 3558 pereatt“
979 3488 1116 3550 Reddere
